2544 4406
836 52 854 91 Ι
896 20 898 28 ,

640 193 642 210 Ι
742 153 754 187 h

157 195 259 319 ¹as

151 504 154 507 ,
201 437 281 516 gotio
303 446 332 494 et
352 434 517 508 iracundia,
546 431 631 494 aliud
651 451 764 492 moeror
792 443 821 490 et
848 433 1003 492 miseratio.
1055 426 1114 488 Sed

175 563 178 576 ·
202 539 236 596 de
258 539 301 596 lris
322 539 460 614 quaedam
482 537 558 597 iufra
579 537 736 596 dicentur«

286 641 417 700 Perfecta
438 642 544 719 igitur,
561 649 712 715 ¹quantum
734 638 849 717 quidem
877 657 931 698 nos
959 655 994 696 cx
1016 637 1116 712 paucis

168 755 170 762 “
201 735 331 820 reliquiis
365 748 531 820 conjectura
566 744 681 820 assequi
715 757 881 817 possumus,
922 753 950 800 et
985 739 1136 811 omnibus·

202 848 328 904 numeris
343 831 473 904 absoluta
491 847 608 904 fuerunt
629 844 817 904 Anacreontis
839 847 981 904 carmina:
1004 853 1118 902 tantum

203 950 279 1006 enim
313 959 356 1006 est
389 948 501 1027 ‘flumen
535 949 754 1009 lectissimorum
789 949 1021 1024 optimorumque
1052 962 1118 1003 ver-

111 1114 115 1121 .
203 1052 321 1121 borum,
362 1063 421 1110 tam
455 1054 597 1128 simplices
634 1059 702 1107 sunt
720 1053 911 1126 sententiae,
957 1062 1016 1110 tom
1057 1049 1133 1105 sine·
1203 1098 1207 1104 .

204 1155 349 1232 pigmento
372 1165 400 1210 et
421 1153 488 1216 fuco
515 1153 630 1210 aliunde
657 1155 806 1210 arcessito»
823 1162 966 1226 ornatam*
988 1164 1047 1211 tam
1074 1153 1120 1208 in-

204 1267 319 1334 tegrae,
345 1265 392 1315 'ut'
407 1255 546 1331 quidquid
568 1255 711 1313 addideris
733 1265 783 1312 aut
806 1253 963 1314 detraxeris
987 1267 1037 1314 out
1064 1257 1136 1324 int-3

204 1360 377 1431 mutaveris,
401 1359 526 1417 deterius
547 1371 575 1416 et
591 1358 724 1417 vitiosius
744 1358 950 1435 uitiatarum,
971 1365 1001 1417 ot
1023 1359 1124 1434 pulcra
1168 1354 1172 1360 ’

118 1511 122 1527 Ι
204 1463 256 1518 ills
276 1463 383 1537 species
405 1463 615 1540 exstinguatur.
661 1459 719 1518 Sed
740 1459 810 1518 haec
831 1472 913 1520 tanta
942 1481 988 1520 ars
1018 1463 1122 1518 summi

132 1579 138 1596 ⁹
204 1577 306 1641 poetae
324 1565 472 1640 plerosque
493 1566 588 1624 latuit.
633 1565 727 1640 Atque
748 1565 783 1622 ab
805 1563 859 1621 hac
880 1566 942 1641 ipsa
964 1565 1131 1622 carminum

204 1667 297 1725 forma
317 1667 502 1742 repetendum
523 1645 654 1743 ridetur,
686 1669 762 1742 quod
784 1679 866 1726 tanto
879 1664 985 1724 ·tudio
1007 1667 1122 1742 plurimi

205 1787 236 1826 se
252 1768 289 1848 ad
302 1769 488 1826 Anacreontis
510 1770 676 1842 exemplumr
692 1771 917 1842 composuerint:
939 1772 1024 1827 istius
1045 1773 1121 1826 cuim
1202 1816 1204 1826 ,

205 1873 342 1946 simplicis
364 1871 566 1946 pulcritudinis
586 1866 737 1927 lenociniis
765 1883 794 1927 et
820 1875 934 1935 nativae
960 1875 1032 1930 artis
1060 1875 1123 1929 ille·

206 1973 297 2030 cebris
315 1975 407 2048 capti,
430 1973 510 2030 facili
524 1989 610 2048 opera
633 1973 870 2033 existimaverunt
891 1993 922 2031 se
942 1987 1123 2033 assecuturos
1185 1979 1189 2003 ⁴

206 2095 267 2132 esse
295 2077 523 2133 communionem
552 2075 646 2134 laudis
674 2077 770 2134 illius:
789 2077 850 2134 ‘sed
879 2095 925 2136 ars
953 2079 1020 2150 illa,
1051 2095 1123 2152 quae

200 2179 341 2238 facillimo
364 2179 530 2249 videbatur,
546 2195 651 2254 reapse
674 2173 842 2251 difficillima
863 2189 926 2239 erat
947 2180 983 2238 ad
1005 2163 1123 2238 imitan-

206 2280 303 2340 dumt·
331 2282 398 2338 lrino
435 2282 544 2341 factum
578 2279 638 2356 est,
675 2294 709 2340 ut
746 2265 881 2358 perpauci
914 2283 1123 2341 Anacreontem

206 2386 387 2460 aliquatenus
405 2383 599 2466 (longo'euim
621 2388 774 2445 intervallo
796 2386 926 2446 distincti
949 2390 1032 2464 sunt)
1055 2407 1122 2446 eon-

176 2529 178 2534 ·
206 2489 297 2543 secuti
318 2487 440 2558 fuerint,
474 2471 590 2563 plurimi
611 2479 805 2546 infelicissime
826 2487 882 2545 fine
904 2493 1051 2567 proposito
1073 2511 1124 2548 ex-

183 2618 188 2622 ·
206 2587 337 2656 'uiderint
380 2588 574 2652 Nihilominus
588 2601 618 2648 et
632 2591 844 2668 antiquioribus
859 2596 1034 2670 temporibus
1047 2613 1125 2652 sum·

33 2713 35 2728 ’
120 2751 124 2756 ,
206 2711 254 2749 mo
267 2685 363 2751 'studio
377 2691 461 2748 multi
476 2693 594 2751 accensi
612 2691 680 2750 sunt
701 2694 738 2750 ad
759 2687 833 2751 herio
853 2697 964 2754 laudem
988 2707 1133 2771 expeten-¹

207 2796 289 2866 dam,
321 2791 405 2870 quam
425 2813 484 2852 non
506 2794 590 2852 modo
611 2813 670 2853 non
692 2815 841 2872 superare,
874 2799 922 2856 sed
944 2817 980 2856 ne
1002 2817 1125 2875 aequare

181 2941 182 2946 κ
207 2898 321 2973 quidem
343 2907 491 2970 poterant:
514 2880 544 2956 et
564 2882 665 2972 postea
685 2917 797 2975 quoquc
813 2904 995 2980 perlongum
1013 2913 1125 2982 tempus

207 3001 355 3058 materiam
391 3001 470 3056 illam
501 3001 535 3058 ab
563 3001 742 3060 Anacreonte
772 3000 939 3080 occupatam
968 3006 1126 3072 multorum

208 3103 360 3160 sedulitate
388 3084 574 3162 retractatam
604 3123 666 3160 csse
693 3107 839 3166 videmus:
876 3107 942 3166 hinc
971 3107 1145 3181 repetenda

208 3216 252 3265 est
284 3208 366 3284 origo
400 3185 521 3265 istorum
553 3207 835 3280 cantiuncularum','
853 3229 924 3285 quas
952 3209 1126 3276 Anacreonti

208 3310 314 3386 vulgus
338 3307 463 3366 tribuere
488 3309 579 3383 roletp
609 3325 729 3382 quarum
744 3299 831 3366 =aliae
859 3319 927 3368 sunt
944 3312 1020 3368 'satis
1041 3293 1142 3370 retu-'¹

152 3397 155 3405 ¹
208 3421 287 3482 stae,
311 3429 401 3485 neque
421 3427 536 3484 prorsus
560 3392 707 3469 venustate
729 3418 778 3467 aut
801 3421 862 3468 arte
883 3424 1028 3500 carentes:
1052 3389 1127 3470 aliae

210 3517 279 3572 satis
301 3515 442 3583 nuntiae,
473 3508 648 3588 ineptiarum
677 3522 705 3569 et
727 3506 927 3570 inficetiarum
939 3493 1126 3590 plenissimae.

210 3617 268 3674 Sed
290 3615 357 3672 hasa
380 3615 510 3689 plurilus
532 3617 661 3693 persequi
690 3630 781 3688 neque
811 3598 1007 3672 consilil'mei
1035 3633 1128 3690 nsque

163 3795 164 3802 ἵ
210 3721 265 3783 loci
288 3703 374 3794 hujus
396 3728 447 3774 ert.
989 3730 990 3734 ’

244 3851 247 3864 ·
296 3823 389 3895 Arrapp
431 3823 466 3909 Ι·
580 3822 731 3899 ³mtaa
745 3819 802 3876 illis
815 3821 1005 3894 temporibus,
1026 3819 1129 3896 quibus
1211 3829 1220 3840 ‘
