2540 4412
536 475 548 500 Ι

84 511 193 582 Quod
219 509 328 598 iegitur
355 519 431 597 apud
452 518 642 585 Scholiastam
663 524 784 592 Homeri
805 531 885 594 iliad.
906 523 945 596 Σ.
962 539 1023 602 26:

86 636 289 706 Μεχαλσιστὶ·
324 628 470 714 Ἀνακρέιιν
495 622 658 727 ἡρωῖστι·
694 647 856 726 φερεκρᾶτης
886 648 946 714 ἀντὶ
974 655 1024 716 τοῦ

85 741 217 810 ταχέως.
251 743 281 800 id
310 743 352 798 sic
384 746 587 824 corrigendum
621 767 682 805 esse
714 751 848 812 videtur:
878 751 1025 840 ’Λνακρέων

87 839 245 916 ἱρωστί·
271 843 437 942 Φερεκράτης
456 851 627 920 ταχιωστὶ
648 849 708 911 cirri
726 858 776 914 τοῦ
796 861 905 929 ταχέως.
949 863 1025 922 Phe-

89 954 248 1002 recratem
269 958 365 1006 autern
387 952 518 1021 ιαχεωστλ
540 952 647 1010 dixisse
671 961 940 1037 renuntiabitur,
971 969 1023 1042 qui

94 1061 171 1102 curn
205 1049 237 1105 in
264 1050 300 1106 iis
327 1050 448 1126 fabulis,
484 1072 554 1132 quas
585 1076 650 1116 rere
677 1061 823 1134 scripsisse
848 1063 1022 1145 perhibetur,

94 1155 168 1205 turn
193 1151 224 1208 in
246 1153 298 1223 iis,
322 1169 392 1228 quas
414 1166 524 1214 veteres
538 1161 718 1238 grammatici
737 1164 763 1218 ei
776 1165 1026 1247 abjudicaverunt,

97 1252 240 1328 (rectene
268 1253 311 1308 iiii
341 1257 455 1329 quidem
482 1279 520 1318 un
549 1279 629 1320 secus
658 1267 829 1338 statuerint,
865 1253 941 1328 nunc
968 1293 1045 1334 non

99 1355 263 1430 quaeram)
280 1357 361 1430 plura
383 1361 542 1440 singularia
563 1367 729 1440 usurpavit,
760 1386 844 1442 quarn
866 1372 941 1429 alius
963 1361 1038 1450 quis*

100 1457 274 1515 comoediae
295 1463 400 1518 veteris
422 1476 516 1537 poeta.
558 1465 618 1538 lta,
641 1479 675 1526 ut
690 1487 727 1526 cx
745 1471 843 1528 multis
865 1491 956 1547 pauca
978 1477 1029 1534 de·

102 1577 257 1634 promam,
287 1561 371 1638 χσνῆν
400 1566 491 1640 dixit,
523 1581 557 1626 ut
580 1570 662 1628 docet
684 1570 880 1633 Antiatticista
901 1575 1028 1638 Bekkeri

104 1661 250 1719 Aneedct.
279 1661 314 1722 Τ.
336 1665 357 1723 Ι.
385 1688 413 1743 ρ.
437 1671 485 1727 86.
517 1674 571 1731 12:
598 1677 697 1732 Γαναλ·
725 1669 785 1732 ἀντὶ
810 1677 861 1734 τοῦ
887 1687 1027 1755 γυναῖκες·

108 1768 273 1840 Φιλιππίδης
295 1765 531 1842 auertendam·
569 1775 733 1854 Φερεκράτης
759 1780 955 1857 Κραπατᾶλσις
981 1785 1029 1861 τήν

105 1866 201 1944 χσνήν.
245 1871 365 1930 Versum
387 1876 480 1950 ipsum
502 1882 630 1938 servavit
651 1893 754 1939 auctor
774 1881 970 1968 Etymcicgici
987 1887 1026 1949 M.

108 1991 138 2048 ρ.
160 1974 232 2031 243.
258 1973 370 2035 16:311
388 1977 588 2058 circavicinis
606 1980 705 2059 χννήν,
728 1977 800 2043 οἷον·

209 2087 257 2150 Ὦς
275 2089 374 2146 ἄτοπόν
390 2097 458 2147 ἔστιν
473 2093 567 2166 μητέρ’
586 2100 651 2150 εἶναι
668 2101 711 2150 καὶ
727 2099 813 2168 γονήν.

111 2194 159 2254 καὶ
180 2193 310 2270 αἰτιατική
332 2197 386 2257 τοῖν
406 2201 612 2274 πληθυντικῶν·

212 2307 282 2364 Ἀλλ’
300 2308 353 2383 ὁρῶ
368 2311 417 2374 τὰς
433 2315 521 2401 (uscia.

114 2393 194 2492 diter
214 2435 269 2492 illc
280 2455 377 2494 versus
389 2421 447 2495 nan
460 2435 640 2515 Pherecrati‚
663 2441 712 2500 sed
726 2442 882 2523 Philippidi
899 2449 1028 2509 tribuen-

116 2539 167 2596 dus
189 2557 248 2594 esse
269 2539 393 2599 videtur.
437 2538 481 2598 ita
501 2540 636 2621 βάτραχος
657 2545 745 2604 dixit:
778 2567 844 2607 narn
873 2551 905 2608 in
932 2573 1028 2627 versu,

116 2660 198 2717 quern
226 2644 354 2702 serravit
381 2641 486 2701 Pollux
515 2643 546 2702 L.
576 2644 612 2708 ΙΙ,
640 2648 690 2707 35.
720 2650 870 2731 legendum
902 2665 946 2714 est
975 2675 1028 2734 ρτσ

117 2747 232 2825 vulgata
254 2747 394 2820 scriptura
415 2744 604 2825 βοστρύχοισι·

211 2855 244 2912 ’,Ω
262 2860 438 2923 ξανθοτᾶτσις
453 2863 607 2936 βστρύχσισι
622 2867 716 2935 κομῶν.

119 2983 198 3044 Hanc
217 2986 340 3044 formam
362 3006 426 3044 cunr
449 2989 505 3045 aiia
527 2990 742 3062 commendant,
765 3001 826 3050 tum
848 2992 1030 3072 Alciphrcnis

120 3091 214 3162 verba,
243 3109 316 3167 quae
343 3091 480 3168 leguntur
500 3091 530 3146 in
553 3092 673 3166 epistola
694 3093 817 3154 inedita:
841 3086 929 3157 ‘truce
950 3101 979 3159 ds*
1000 3101 1031 3160 αλ

123 3193 166 3268 μὲν
189 3187 313 3267 εῧφυλλσι
339 3193 386 3250 καὶ
406 3195 522 3271 μακραί,
552 3193 581 3251 αἱ
602 3195 631 3253 δι’
653 3184 734 3254 adice
756 3198 791 3278 (Ι.
813 3189 905 3284 οὖλαι)
928 3197 1030 3281 flotari-

122 3315 177 3366 χοις
200 3301 333 3374 ἐμφερεῖς,
368 3289 447 3362 ἄλλαι
472 3300 607 3374 βραχεῖαι.
660 3297 823 3378 Eademque
851 3305 1030 3364 restituenda

126 3408 164 3454 est
183 3395 319 3473 Euripidi.
363 3395 414 3458 Sic
435 3403 606 3480 πρωπέρυσιν
634 3402 709 3462 dixit
737 3421 788 3479 pro
815 3408 932 3486 vulgari
960 3431 1031 3486 προ-

126 3503 240 3579 πλρσσινε
274 3521 340 3560 num
369 3505 400 3562 in
429 3523 462 3561 ec
491 3524 595 3578 versu,
628 3523 712 3583 quem
743 3509 872 3566 servavit
898 3507 1030 3566 Zonarsr

128 3602 159 3662 Τ.
178 3601 208 3660 ΙΙ.
234 3603 324 3660 1745.
344 3607 493 3686 legendum
516 3626 591 3667 esse:

215 3719 253 3772 A.
276 3713 314 3772 Ἦ
327 3723 389 3772 sect
406 3720 437 3774 σὺ
454 3720 567 3791 ἤκουσας
590 3717 676 3776 αὐτοῦ
680 3746 693 3785 ,·
723 3723 756 3776 Β.
782 3721 950 3797 Πραπέριισικ
973 3725 1031 3787 itae

649 3811 745 3881 τρίταν.

130 3895 177 3954 ιΙίι
195 3895 257 3956 lccc
279 3869 487 3962 remunerata
