2540 4412
992 324 1071 404 tut

157 503 346 561 similitudine
374 505 512 566 mldnetua
538 510 670 566 maximio
699 511 816 571 minima
841 505 1004 592 conferam,
1037 533 1070 581 nt

156 625 221 664 eum
244 607 382 666 vinolenti
405 611 612 682 adolescentes,
642 613 777 673 tibiarum
799 619 885 675 etiam
907 635 1008 695 uantu',
1036 636 1069 684 ut

155 709 203 777 fit,
228 710 369 782 instincti,
393 715 519 769 mullerIr
533 710 653 786 pudicae
666 714 742 770 farer
763 717 947 797 frangerent,
969 723 1067 782 admo-

155 813 252 867 nuisse
280 812 444 884 tibicinam,
479 823 511 870 ut
539 813 694 886 rpondeum
722 832 852 892 caneret,
888 806 1068 903 Pptlragoree

108 911 113 920 ”
155 912 276 971 dieitur:
305 914 381 989 quod
403 932 468 971 oum
489 915 539 970 illa
560 913 689 988 feeieset,
711 917 847 977 tarditate
868 911 1017 986 moddrum
1031 942 1070 988 -et

153 1017 298 1091 gravitate
329 1027 431 1073 eantur
460 1016 574 1072 illorum
605 1016 748 1076 furentem
776 1025 964 1096 petulantiam
991 1049 1070 1088 reee-

153 1114 260 1172 diase.“
282 1117 354 1174 adde
373 1115 521 1175 Jamblielr.
542 1117 595 1174 vit.
609 1116 765 1198 Pythagor.
787 1141 814 1195 p.
828 1127 900 1185 214.
923 1130 965 1188 etl.
988 1131 1070 1190 lliee.

152 1219 223 1297 ling.
268 1217 369 1276 Simile
391 1219 459 1294 quid
481 1217 516 1274 de
530 1217 658 1276 Damone
681 1222 768 1279 refert
782 1224 907 1286 Galenus
930 1232 963 1289 de
980 1233 1067 1312 Hipp.

154 1333 183 1377 et
213 1320 285 1378 Plat.
315 1321 408 1400 dogna.
435 1319 490 1377 lx.
519 1319 554 1378 d:
595 1320 697 1398 Διίμοιν
725 1321 742 1382 ὅ
770 1330 901 1404 μουσικὸς
933 1332 1068 1417 αὐλητρίδι

152 1421 369 1499 παραγενόμενος
390 1418 508 1501 αδίοόσῃ
529 1423 560 1480 td
581 1423 700 1503 Φρύγιον
720 1432 834 1499 νεανίαις
860 1455 928 1492 τισιν
956 1437 1068 1516 οἷνοιμί-

152 1521 208 1591 νοις
229 1525 277 1583 καί
294 1526 393 1602 μανικδ
415 1521 481 1585 deror
502 1509 738 1606 διαπραττομένοις
757 1536 874 1594 dedirunt
895 1533 1010 1613 αὗίῆοαι
1033 1546 1064 1606 τό

151 1627 275 1707 Δοίριον.
297 1631 323 1688 oi
344 1626 372 1688 δ’
394 1627 481 1696 εὐθὺς
501 1627 654 1692 ἐπαύσαντο
674 1635 720 1707 τῆς
740 1635 891 1711 ἐμπλήκτου
912 1643 1009 1719 φοραῖς.

237 1733 328 1790 Versu
361 1733 509 1790 undecimo
533 1731 715 1802 ‘Tuonlvovrte
740 1743 769 1796 ἐν
794 1737 900 1815 δμνοις,
926 1740 1066 1807 ὑποπίνειν

150 1853 208 1892 non
230 1845 274 1893 eet
294 1853 324 1892 se
347 1836 501 1906 inebriare,
530 1835 579 1892 sed
602 1840 707 1894 neurim
731 1851 817 1916 atque
844 1847 992 1918 paullatim
1020 1849 1065 1907 bi·

150 1937 231 1994 bere:
253 1948 353 2012 portea
369 1956 437 1995 vero
454 1937 631 2016 significauit
652 1940 760 2020 largius
782 1946 851 2002 vino
873 1965 903 2002 ae
924 1949 1065 2026 inuiture3

149 2057 320 2116 quamquam
342 2038 396 2096 hoe
418 2037 608 2120 improbatum
636 2053 680 2098 ent
700 2045 859 2122 Attieistie3
891 2048 958 2108 ldae
979 2052 1064 2110 Anti·

149 2143 277 2199 attieieta
298 2143 327 2196 in
351 2138 476 2196 Belrleri
497 2141 710 2202 Aneedotis'l.
730 2145 751 2202 l.
774 2165 810 2221 p.
819 2149 887 2207 115.
912 2154 966 2210 10:
986 2149 1064 2214 ‘Tao-

148 2243 246 2298 πίνειν·
275 2239 482 2317 μεθύσκεσθαι·
498 2244 644 2320 Νικοφοῖν
664 2245 811 2326 Πανδοίρρι.
854 2254 892 2309 at
913 2253 955 2310 eie
976 2259 1064 2316 etlam

50 2387 56 2392 ,
149 2341 384 2416 Aristophanes
375 2364 405 2401 ru
427 2345 537 2404 Aribae
557 2367 586 2405 v.
608 2349 687 2406 494:

213 2452 289 2512 Ἐς
300 2457 451 2524 δικιίτην’
418 2478 468 2527 γαρ
480 2477 543 2514 ποτε
555 2463 695 2534 παιδαρίου
706 2467 811 2535 κληθείς
825 2465 943 2524 ὑπέπινον
953 2475 979 2526 δν
990 2473 1063 2530 ἄστει

249 2540 338 2612 Κόρτι
354 2545 492 2598 καθεῦδον.

398 2879 403 2898 .
473 2821 549 2910 Fr.
577 2823 745 2911 LXIII.

293 2997 462 3076 Χθόνιον
487 3001 523 3080 δ’
553 3003 707 3101 ἐμαυτὸν
729 2995 826 3122 ᾖρον.

230 3167 288 3226 Ilio
309 3171 469 3229 versiculus
493 3173 601 3250 legitur
628 3153 704 3258 apud
726 3175 918 3237 Scholiattam
939 3179 1061 3242 Hesiodi

145 3267 330 3351 Theogoniae
352 3294 378 3332 ι.
402 3273 479 3332 767ι
503 3274 662 3348 (Hesiodus
684 3279 726 3336 eie
747 3280 892 3355 loquitur:
937 3359 939 3363 ,

240 3383 325 3438 Ἔνθα
342 3387 413 3438 θεοῦ
427 3390 543 3454 χθονίου
561 3389 675 3460 πρόςθιν
692 3391 803 3462 δόμοι
787 3393 907 3462 ηχιίεντις

241 3465 414 3540 ’ρἸφθίιου
385 3492 402 3524 τ
430 3471 521 3526 Ἀίδεω
538 3477 582 3526 aad
598 3479 701 3545 ἰπαινῆς
718 3479 908 3552 Περσεφονείης

216 3550 379 3623 Eurotam.)

139 3655 182 3718 Ἐν
200 3664 257 3726 τοῖς
277 3659 403 3737 οἰκήμασι
422 3663 532 3735 νυκτός·
560 3667 592 3728 τό
620 3670 649 3728 δι’
667 3666 828 3742 χθονίου,
809 3693 825 3725 r
847 3666 898 3727 rod
885 3670 1057 3762 otuyepod,

141 3759 179 3829 oie
197 3757 357 3840 Ανιαιρίοιν·

242 3877 364 3932 Χθόνιον
382 3877 408 3933 δ’
426 3882 540 3950 δμαοτδν
556 3880 623 3958 ἦρεν,
