2540 4412
964 331 1045 410 251

16 531 17 548 ³
121 518 228 584 Quare
249 518 335 576 etiam
356 516 386 576 in
407 518 617 576 commenticiis
639 520 702 576 istis
724 521 917 580 eantinnealis
935 525 1047 600 saepias

121 619 237 679 barbiti
259 619 335 679 faeta
357 631 401 678 est
421 622 545 693 mentio,
568 631 601 678 ut
622 623 653 680 in
676 619 807 680 Carmine
829 621 850 681 l.
872 643 900 684 τ.
923 631 961 686 3ι

230 732 263 788 ‘A
278 733 403 806 βάρβιτος
423 737 449 788 δὲ
463 736 573 806 χορδαῖς

226 819 326 892 Ἔρωτα
342 821 442 891 μοῦνον
458 818 521 890 ηχεῖ.

122 921 223 984 Carm.
245 925 294 987 vi.
315 948 344 987 r.
364 930 404 992 az

229 1037 296 1094 Ὑπὸ
313 1046 426 1112 βαρβίτηι
444 1043 471 1096 δὲ
487 1042 578 1116 κούρα.

122 1141 222 1203 Carm.
244 1146 300 1205 lx.
322 1168 351 1207 r.
372 1150 429 1206 33:

232 1261 389 1331 Κοιμοιμένη
407 1259 434 1315 δ’
451 1259 492 1316 ἐπ’
511 1262 598 1334 αὐτῷ.
652 1255 660 1262 “

124 1397 130 1416 x
234 1347 277 1414 Τῷ
292 1351 405 1420 βαρβίτηι
422 1351 554 1410 καθεύδω.

125 1445 224 1506 carm.
244 1450 335 1511 xnn.
356 1425 391 1513 vj
410 1458 465 1514 16:
481 1514 484 1519 ,

116 1541 125 1556 b
228 1561 295 1618 Ὑπὸ
311 1572 424 1639 βαρβίτῳ
438 1571 562 1642 χορεύων.

129 1665 225 1727 Carm.
247 1671 378 1732 XLvttl.
400 1697 426 1735 v.
449 1680 486 1734 7:

232 1786 312 1841 Μετά
329 1795 458 1861 βαρβίτων
474 1789 572 1846 ἀείδων.

129 1919 160 1965 et
180 1907 228 1968 Fr.
250 1911 272 1968 1.
295 1933 324 1973 v.
350 1915 376 1974 Ι.
399 1916 442 1972 ed.
464 1915 589 1980 Fischer,

227 2023 292 2080 Ἀνά
308 2030 434 2102 βάρβιτον
451 2032 556 2101 δονησω.

131 2146 210 2206 Hine
231 2153 317 2210 etiam
339 2157 525 2231 repetendum
548 2177 609 2214 esse
636 2158 768 2236 videtur,
801 2166 877 2240 quod
899 2177 1049 2250 nonnulli,

131 2261 165 2307 ut
193 2249 338 2312 Neanthes
368 2256 526 2334 Cyzicenus
553 2260 659 2318 barbiti
687 2264 799 2324 inventi
833 2269 945 2331 laudem
971 2279 1050 2336 Ana.

134 2356 245 2410 creanti
267 2358 436 2433 tribuerint,
465 2372 498 2418 ut
519 2362 608 2420 refert
627 2363 790 2425 Athenaeus
812 2369 843 2430 L.
862 2371 910 2430 lv.
931 2395 959 2452 p.
982 2383 1048 2440 175.

134 2451 177 2511 D:
213 2458 274 2517 Καὶ
298 2461 329 2519 τά
357 2467 487 2540 τρίγωνον
514 2467 544 2524 δὲ
572 2464 735 2543 καλούμενον
761 2465 879 2550 δ’ργανον
903 2473 994 2556 Ἰόβας
1021 2490 1051 2544 ἐν

132 2557 247 2637 τετάρτῳ
274 2567 421 2642 θεατρικῆς
448 2567 566 2646 ἱστορίας
591 2567 689 2648 Σύρων
722 2571 824 2652 εὕρημά
858 2601 939 2656 φησιν
973 2581 1049 2656 εἶναι,

136 2661 171 2730 ὥς
191 2664 238 2721 καὶ
263 2665 312 2724 τὸν
337 2667 499 2745 καλούμενον
526 2676 700 2750 λυροφοίνικα
729 2677 882 2755 σαμβύκην.
912 2689 991 2747 τοῦτο
1020 2685 1060 2750 tt*

134 2765 165 2824 τὸ
186 2761 304 2845 ὄργανον
324 2769 452 2846 Νεάνθης
472 2771 489 2832 ὅ
508 2776 659 2850 Κυζικηνός
679 2783 708 2837 ἐν
728 2780 825 2861 πράτηι
841 2783 932 2864 Ὧρον
952 2789 1050 2871 εὕρεμα

134 2871 202 2945 λέγει
221 2868 329 2948 ’Ῑβάκον
354 2875 405 2935 τοῦ
428 2873 551 2954 Ῥηγίνου
579 2880 706 2953 ποιητοῦ,
737 2882 773 2951 οἷς
800 2887 847 2945 καὶ
865 2885 1050 2970 Ἀνακρέοντος

134 2974 164 3032 τὸ
185 2972 325 3052 βάρβιτον.
369 2974 507 3036 Soiebant
528 2983 605 3038 enirn
628 2982 746 3057 Graeci,
776 3007 841 3047 euna
868 2997 932 3067 ejus
960 2997 1047 3076 fama,

136 3079 256 3152 quirem
271 3081 394 3154 aliquam
413 3081 584 3155 invenisset,
607 3084 758 3146 obscurata
777 3093 944 3173 pierumque
965 3115 1050 3162 vetu-

137 3192 207 3238 state
237 3193 266 3241 et
294 3183 431 3261 ignobilis
460 3193 550 3255 esset,
589 3187 667 3244 iliius
695 3191 737 3246 rei
767 3195 900 3256 inventae
935 3201 1048 3265 laudern
1102 3227 1106 3238 ·

137 3284 198 3342 rire
225 3287 311 3342 alicui
339 3286 448 3364 insigni
475 3301 505 3344 et
533 3292 690 3362 praestanti
721 3294 897 3372 adscribere,
934 3306 983 3377 qui
1019 3317 1049 3364 et

139 3386 243 3462 primus
264 3401 292 3446 et
313 3390 434 3446 muitum
457 3409 490 3447 ea
511 3408 580 3449 usus
601 3403 679 3467 erat,
707 3407 794 3471 atque
821 3401 863 3459 ita
885 3421 945 3460 rens
966 3409 1049 3481 quasi

139 3487 344 3549 nobilitaverat.
387 3490 461 3552 Nam
483 3494 615 3553 barbiton
638 3515 655 3554 a
676 3495 785 3556 Lesbiis
811 3503 935 3576 primum
963 3526 1048 3565 usur·

141 3601 234 3666 patum
262 3609 323 3648 esse
350 3595 450 3653 erede:
481 3610 510 3657 et
533 3596 672 3656 Pindarus
703 3602 816 3676 quidem
840 3616 942 3664 auctor
967 3609 1048 3670 loeu-

140 3693 195 3768 ples
217 3689 414 3771 Terpansirum
436 3700 567 3759 barbiton
589 3700 732 3758 invenisse
753 3702 841 3778 dicit,
871 3717 905 3764 nt
931 3724 1050 3784 apparet

141 3813 173 3852 ex
202 3793 248 3852 his
279 3789 431 3870 versibus‚'
456 3818 528 3876 quas
557 3803 685 3863 serravit
713 3803 875 3867 Athenaeus
908 3809 938 3869 b.
966 3813 1047 3873 xlv.

141 3915 165 3975 ρ.
191 3897 262 3957 flat.
296 3897 345 3958 Di
383 3902 484 3976 Σαφάς
517 3902 656 3984 Πινδάρου
692 3908 814 3985 λέγοντος
848 3910 896 3972 τόν
929 3915 1049 3997 tibear·
