2544 4406
255 283 313 358 44

252 475 343 547 libro,
374 473 424 532 sed
442 483 550 532 mmm
575 472 691 532 uineta
710 473 769 534 sint
789 494 828 534 an
849 491 915 552 pars
936 478 1100 534 tetrametri
1122 481 1177 540 vix
1260 541 1261 546 ,

254 579 413 636 discernere
448 577 564 652 poteris.
623 575 748 636 Dimetri
781 589 878 638 autem
909 579 998 636 ionici
1025 579 1097 638 mihi
1127 585 1177 640 vi-

252 681 356 739 dentur
387 697 405 736 a
432 679 628 756 grammaticis
654 681 825 740 intertium
847 682 952 739 liitrum
974 683 1077 756 rejecti
1100 702 1174 756 csse

250 782 391 857 siquidem
413 799 526 840 carmen
543 779 635 841 oxu.
657 783 734 858 quod
756 803 793 842 ex
815 785 945 846 dimetria
965 785 1068 858 ionicis
1091 804 1174 844 com·

250 885 376 960 positum
398 895 457 955 est,
486 904 522 942 ex
544 903 578 941 eo
600 884 674 942 liitro
697 887 819 960 petitum
837 896 896 958 est,
919 897 953 944 ut
969 889 1174 966 cognoscimus

249 1005 285 1043 ex
308 997 529 1044 commentatore
542 985 662 1064 Cruquii
684 988 721 1046 ad
734 987 838 1052 Horat.
851 985 949 1063 Carm„
966 987 989 1046 Ι.
1010 991 1062 1047 27.
1084 1012 1114 1051 v.
1136 994 1172 1050 l:

234 1087 385 1179 „Sensus
416 1101 512 1148 autem
541 1100 652 1149 sumtus
682 1111 719 1149 ex
746 1093 924 1150 Anacreonte
956 1093 1030 1150 libro
1063 1095 1171 1155 tertio:

241 1183 320 1269 Ἄγε,
350 1192 432 1262 δῶτε,
462 1191 566 1270 μηκέθ’
588 1192 659 1250 οὕτω
680 1193 795 1270 πατάγῳ
816 1217 844 1256 τε
865 1191 1003 1272 κᾶλαλητῷ
1024 1199 1173 1272 Σκυθικὴν

246 1293 327 1356 πόσιν
348 1294 418 1376 παρ’
438 1303 501 1376 οἴνῳ
522 1297 693 1374 μελετῶμεν.“
736 1295 815 1354 idem
836 1298 926 1355 tradit
946 1294 1108 1378 Porphyrio
1131 1301 1170 1359 ad

247 1400 366 1458 eundem
402 1403 513 1459 locum:
552 1441 573 1474 „
581 1399 644 1458 Ode
673 1401 851 1478 προτρειηικὴ
887 1413 931 1458 est
964 1401 1001 1458 ad
1035 1401 1170 1462 hilarita-

244 1516 321 1579 tem,
352 1508 436 1581 cujus
463 1523 563 1562 sensus
584 1515 696 1562 sumtus
718 1513 761 1560 est
782 1503 817 1562 ab
839 1505 1017 1562 Anacreonte
1039 1503 1068 1560 in
1091 1505 1168 1564 libro

244 1609 365 1670 tertio.“

329 1711 369 1770 Et
391 1719 635 1770 tetrametromm
656 1713 772 1788 quidem
792 1709 1057 1769 acatalecticoram
1078 1713 1166 1786 quin-

244 1835 300 1893 quo
332 1825 486 1890 supersunt
518 1813 681 1894 fragmenta
713 1813 866 1872 XXXIX.
887 1845 931 1858 -
953 1811 1072 1872 XLHL·
1115 1813 1164 1872 Ex

242 1921 323 1996 puris
345 1919 448 1975 ionicis
471 1918 623 1992 compositi
643 1929 712 1973 sunt
733 1935 849 1986 versus,
881 1918 931 1992 qui
957 1918 1096 1995 leguntur
1114 1915 1164 1975 Fr.

241 2019 396 2083 XXXIX.
418 2031 448 2078 et
469 2017 540 2076 XL:
572 2018 623 2075 scd
644 2020 729 2098 longe
750 2019 928 2094 frequentius
951 2020 1065 2078 videtur
1083 2021 1164 2079 Ana-

242 2143 329 2182 creon
348 2123 449 2180 fractis
470 2124 526 2178 iliis
548 2121 678 2179 versinus
701 2139 869 2194 muscose,
893 2139 1014 2197 quorum
1037 2125 1164 2199 impetus

241 2229 401 2286 concitatus
413 2227 519 2282 leniore
534 2244 566 2283 ac
579 2225 691 2298 placido
710 2228 841 2304 ingressu
863 2224 1064 2284 trochaeorurn
1085 2237 1163 2284 tem-

239 2343 357 2409 peratus
371 2327 451 2388 init:
482 2329 660 2402 antiquiores
682 2340 776 2386 autem
807 2329 890 2405 lyrici
916 2338 1017 2403 poetae
1043 2339 1162 2404 practu-

238 2437 307 2493 iisse
322 2435 458 2494 videntur
472 2434 502 2488 in
519 2429 564 2486 his
582 2431 711 2488 versibus
734 2433 909 2489 tetrametris
930 2449 1016 2505 puros
1038 2432 1161 2504 ionicus,

241 2555 298 2614 quo
312 2537 484 2594 concitatior
506 2545 591 2606 atque
614 2534 769 2590 volubilior
790 2544 864 2591 esset
886 2553 1038 2605 numerus,
1061 2545 1094 2590 ut
1116 2547 1162 2593 est

175 2677 177 2686 ι
237 2641 288 2697 ille
310 2637 408 2694 Alcaei
435 2651 536 2693 versus
563 2633 639 2724 apud
667 2633 820 2709 Hephaest.
849 2655 876 2710 p.
906 2638 963 2695 67:
990 2633 1107 2714 Ἀλκαίῳ
1131 2640 1162 2698 δι’

236 2738 340 2812 πολλά,
362 2739 447 2816 ὥςπερ
470 2736 517 2796 καὶ
537 2737 613 2799 τόδε·

240 2853 243 2860 ’
333 2841 396 2911 Ἐμε
414 2839 512 2904 orrida,
530 2842 573 2910 ἔμε
590 2839 678 2894 πασᾶν
693 2839 846 2892 concodeus
860 2841 1017 2904 πεὸἐχοισαν.

236 2951 282 3010 nn
310 2949 430 3006 eundem
458 2957 691 3006 tetranretrorum
719 2966 869 3007 numerum
897 2947 1034 3006 revocavi
1066 2967 1158 3006 venu-

235 3054 393 3112 ocissimum
420 3067 533 3105 carmen
562 3045 622 3131 (Fr.
653 3049 763 3130 xit),
802 3050 879 3128 quoti
905 3052 995 3128 vulgo
1023 3051 1097 3108 maie
1125 3051 1158 3108 in

172 3195 174 3198 -
236 3157 374 3214 dimetroo
402 3151 526 3210 divisum
556 3162 632 3210 erat:
668 3153 719 3210 sed
753 3155 799 3214 vei
828 3153 1045 3210 sententiarum·
1069 3163 1158 3230 atque

234 3261 389 3322 verborum
411 3255 580 3328 compositio
603 3273 665 3312 eam
687 3256 865 3313 commendat
888 3255 1047 3334 digerendi·
1064 3259 1158 3316 ratio-

142 3373 145 3380 ’
235 3383 316 3434 nem,
349 3377 434 3438 quam
458 3375 513 3436 ego
534 3359 658 3420 institui.
701 3356 799 3416 Etiam
821 3357 851 3413 in
873 3354 920 3413 Fr.
941 3356 1033 3416 XLil.
1056 3372 1086 3419 et
1107 3359 1157 3418 Fr.

234 3463 342 3528 XLIII.
373 3463 489 3521 restitui
525 3471 709 3519 tetrametros
741 3460 862 3517 ionicos.
920 3461 1023 3520 Utrum
1059 3474 1158 3522 autern

234 3560 384 3629 Anacreon
405 3567 436 3622 in
458 3584 516 3622 uuo
539 3561 693 3638 eodemque
715 3565 842 3623 carmine
864 3583 963 3623 versus
986 3573 1015 3620 et
1038 3567 1157 3624 anaclo·

234 3687 334 3729 menos
362 3677 390 3725 ct
417 3685 453 3724 cx
479 3668 603 3748 integris
629 3667 731 3724 ionicis
760 3667 934 3742 compositos
961 3671 1157 3742 usurpaverit,
1260 3663 1261 3678 ¹

234 3793 273 3834 an
301 3781 454 3847 utrumqne
481 3791 572 3852 genus
600 3769 753 3850 diligenter
780 3771 976 3844 separaverit,
1018 3787 1054 3825 ex
1090 3771 1157 3829 istiu

235 3877 394 3938 carminum
415 3874 546 3952 reliquiis
567 3891 625 3930 non
647 3881 742 3948 potest
763 3871 874 3948 liquido
896 3873 1049 3948 explorari.
