2540 4412
217 285 300 362 lul

219 476 295 557 nepai
327 483 373 537 αλ.
406 475 455 536 οἶν.
512 473 611 532 Retuli
638 482 734 530 autern
768 472 838 530 haee
871 473 947 529 inter
981 473 1143 551 elegiarum

211 565 398 661 ‘fragmenta
427 597 492 636 eum
513 578 602 656 vulgo
624 576 837 654 epigrammatis
858 584 1084 634 accenserentur.

248 673 251 684 ⁴
305 684 398 741 Versu
420 681 511 757 primo
535 689 612 736 recte
640 681 672 736 in
699 679 822 753 epitome
849 678 957 756 legitur
985 671 1019 736 οὐ
1034 677 1143 750 -φιλὲω,

222 787 268 856 dc:
302 794 435 860 eenapte
456 784 488 839 in
510 779 579 840 Cud.
601 781 642 841 A:
673 775 832 855 odelinae:
865 790 895 837 et
915 781 946 836 in
967 777 1007 835 B:
1038 775 1071 836 ed
1091 784 1145 854 ρι’-

221 898 296 959 leae:
324 891 355 946 in
376 886 417 946 P:
444 889 521 961 φίλος
541 883 586 952 ὅτε
614 884 717 941 deinde
738 882 848 962 κρητῆρι
869 882 977 962 legitur
997 883 1029 939 in
1050 881 1142 940 codd.

222 995 256 1050 Α.
277 988 311 1048 Β.
334 989 415 1046 etin
439 989 577 1063 epitome:
599 987 673 1044 male
694 986 725 1043 in
746 985 816 1044 cod.
838 985 875 1043 l’:
899 984 1020 1064 κρατῆρι.

307 1094 394 1152 Areet
425 1102 521 1150 autem
549 1098 633 1165 poeta
666 1099 752 1166 atque
787 1099 921 1169 segregat
955 1107 973 1146 a
1004 1089 1142 1147 eenvivio

222 1215 368 1258 sermones
396 1194 431 1264 de
458 1194 568 1250 bellicis
598 1192 699 1263 rebus,
732 1193 809 1268 qued
837 1194 925 1250 etiam
945 1189 1159 1266 Xenophanes*

111 1301 114 1312 '
223 1302 363 1378 praecipit
383 1295 458 1372 apud
481 1293 658 1353 Athenaeum
679 1295 710 1354 L.
732 1293 786 1352 ΧΙ.
809 1313 836 1370 ρ.
858 1296 931 1351 462.
952 1292 990 1352 F:

322 1413 435 1484 Ἀνδρῶν
452 1406 479 1463 d’
494 1389 573 1462 αίνεῖν
589 1411 700 1474 τοῦτον,
720 1408 749 1470 ὃς
766 1409 849 1463 ἐσθλά
865 1405 929 1462 meis
946 1405 1088 1478 άναφαίνει,

383 1497 433 1557 Ὧς
451 1500 478 1549 οἱ
492 1495 629 1565 μημοούνη
647 1498 689 1547 καλ
706 1495 784 1556 πόνος
801 1493 871 1566 ἄμφ’
890 1492 990 1566 άρετῆς,

330 1584 399 1640 Οὔτι
414 1582 502 1654 μάχας
519 1583 597 1635 διέπει
616 1581 730 1649 Τιτήνων
748 1579 808 1634 odet
825 1580 966 1650 Γιγάντων,

393 1667 464 1723 Οὖδέ
477 1688 506 1720 τε
523 1665 693 1738 Κενταύρων,
712 1667 853 1736 πλάσματα
869 1669 921 1719 τοῖν
936 1669 1074 1738 προτέρων,

322 1756 360 1810 Ἢ
375 1753 497 1817 οτάοιας,
516 1754 654 1824 φλεδόνας,
672 1759 729 1812 τοῖς
746 1751 821 1805 οὐδὲν
835 1749 948 1824 χρηστὸν
965 1753 1053 1816 ἴνεοτι,

393 1842 464 1892 Θεῶν
482 1841 509 1892 dl
526 1842 677 1910 προμηθίην
694 1841 748 1889 αἰὲν
765 1840 828 1902 ἔχειν
845 1836 960 1907 ἀγαθήν.

226 1951 318 2010 Suavi
351 1948 427 2004 enim
457 1964 490 2003 aa
518 1947 601 2003 vario
629 1962 759 2002 sermone
791 1954 902 2020 tempus
937 1946 1013 2002 inter
1044 1947 1145 2022 epulas

226 2051 381 2113 fallendum
405 2049 544 2125 praecipit
566 2047 735 2126 Phoeylides
757 2048 833 2122 apud
853 2047 1030 2106 Athenaeum
1053 2043 1083 2107 1..
1100 2047 1144 2108 X.

225 2177 253 2235 p.
275 2157 346 2214 428.
368 2152 409 2210 B:

310 2243 313 2252 Ι
330 2266 389 2339 Χρὴ
406 2262 432 2319 d'
450 2268 476 2318 lu
493 2269 624 2336 συμποσίῳ
642 2270 746 2320 κυλίκων
762 2266 989 2338 περινοοοομενάων
1073 2245 1076 2250 ¹

326 2354 407 2408 'lutea
424 2355 579 2406 κωτίλλοντα
596 2354 747 2424 καθῄμεκον
763 2351 948 2416 οἰνοποτάζειν.

569 2595 645 2680 Fr.
674 2597 807 2683 LXX.

377 2759 502 2858 Ἀγχοῦ
528 2757 562 2836 d’
592 2764 720 2862 αἰητοῦ
749 2765 885 2862 Θησέος
909 2765 983 2836 ἐστὶ
1008 2759 1107 2864 λύρη.

312 2935 461 3015 leguntur
490 2932 562 2993 haee
590 2933 679 2992 verba
706 2935 756 2996 aed
786 2933 869 2991 faede
900 2945 1037 3009 corrupta
1068 2933 1145 3009 apud

228 3035 380 3117 Hyginum
400 3036 516 3093 Astron.
537 3036 569 3094 L.
591 3035 627 3094 ll.
648 3038 678 3094 6.
706 3056 734 3114 p.
758 3040 828 3099 370.
856 3038 901 3095 ed.
923 3035 1061 3095 Munher:
1095 3039 1145 3112 qui

228 3141 264 3197 da
291 3138 400 3210 sidere,
438 3137 515 3212 qued
543 3135 711 3217 Engenasin
742 3143 955 3220 appellabatur,
994 3140 1144 3212 disserena,

149 3231 151 3242 '
228 3240 299 3299 heee
328 3239 413 3296 dieite
451 3237 665 3316 „Hegesianax
700 3253 796 3300 autem
826 3243 938 3303 Thesea
972 3243 1042 3300 dicit
1074 3261 1146 3310 esse,

230 3344 280 3420 qui
303 3340 450 3399 Troezene
478 3357 580 3396 sexum
612 3343 749 3398 extollere
778 3345 908 3418 videtur,
941 3346 1018 3420 quod
1044 3347 1145 3402 existi·
1171 3382 1175 3388 ·

228 3455 324 3504 matur
345 3443 459 3524 Aegeae
480 3442 533 3500 suh
562 3459 595 3498 ea
624 3460 694 3500 saxo
717 3443 862 3521 Ellopium
892 3465 984 3504 ensem
1018 3447 1145 3523 posuisse

229 3543 395 3629 (scripserat
422 3545 559 3604 fortasse:
598 3543 775 3624 Aedepsium
803 3545 930 3630 ensem),
967 3560 996 3607 et
1023 3547 1145 3606 Aethrae
1249 3561 1251 3586 ⁸

229 3647 335 3708 Thesei
361 3651 448 3708 matri
477 3648 667 3726 praedixisse,
698 3669 735 3707 ne
764 3662 831 3710 ante
852 3652 978 3710 Athenas
1007 3654 1145 3724 mitteret,

229 3771 314 3830 quam
341 3769 394 3810 sua
422 3753 531 3812 virtute
565 3753 661 3830 lapide
694 3754 806 3814 sublato
842 3759 986 3832 patuisset
1016 3755 1146 3839 gladium

228 3859 305 3934 petri
325 3855 440 3915 referre.
483 3858 584 3935 ltaque
605 3858 661 3916 niti
682 3857 814 3931 ridetur,
845 3871 878 3920 ut
900 3877 984 3936 quam
1007 3859 1145 3916 altissime
