2544 4406
1001 217 1164 354 II¹

133 470 215 530 Idem
236 477 358 528 metram
379 466 555 528 Anacreonti
574 474 653 526 recte
674 466 837 530 recitatam
857 467 929 528 mihi
957 471 1058 530 videor

129 575 167 631 in
190 571 238 631 Fr.
255 568 371 630 XXIII.
413 569 524 628 Eadem
545 573 577 629 in
598 570 654 628 hoc
675 589 780 650 genere
802 589 901 630 vemua
923 591 1057 632 caeturae

136 674 307 734 vicinaitudo
334 681 396 744 eat,
432 690 505 748 quae
533 675 564 732 iu
593 674 659 731 aIiIa
686 675 814 732 numeria
842 671 1057 751 choriambicia3

136 778 166 836 in
179 777 226 836 Fr.
238 774 339 836 XXII.
352 795 382 835 v.
395 776 425 834 2.
442 772 529 834 habet
542 776 701 854 legitimam
723 795 869 834 caesuram
891 777 921 833 in
943 779 1055 838 medio:

134 880 242 942 Ibidem
257 898 359 939 veraua
375 881 400 941 l.
416 879 497 954 priua
518 877 676 936 membrum
697 879 784 962 latiur
806 879 1006 961 progreditur:

232 969 411 1064 Ἀναπέιομαι
428 990 460 1062 δὴ
475 989 540 1064 πρὸς
552 991 689 1062 Ὄλυμπων
708 1001 713 1058 Ι
734 994 887 1066 πτερύγεσσι
903 993 1022 1068 κούφαις.

135 1103 211 1162 aiem
232 1105 320 1162 ctiam
341 1103 375 1160 in
395 1099 442 1159 Fr.
464 1098 587 1159 XXIII:

234 1215 392 1270 Ὑποπόλιον
405 1219 599 1288 χρυσοφαέννον
621 1215 626 1286 Ι
648 1215 781 1288 πτερύγων
798 1213 899 1286 dicuat.

134 1321 286 1398 Ceterum,
323 1334 357 1381 nt
384 1341 437 1400 par
468 1333 528 1395 eet,
566 1313 720 1400 iambicam
747 1323 890 1401 dipobiam
917 1343 1057 1402 nunquam

137 1425 289 1502 aubatituit
316 1421 487 1484 choriambo.
865 1439 869 1446 '

109 1649 112 1654 ¹
223 1577 272 1638 Fr.
294 1576 406 1638 XXIV.
430 1588 459 1637 et
480 1575 581 1638 XXV.
604 1571 741 1640 videntur
761 1570 858 1654 parter
880 1599 942 1639 eane
969 1593 1056 1644 tetra·

136 1695 295 1742 metrorum
316 1669 574 1741 choriambicorum
595 1681 828 1740 catalecticorum
850 1685 914 1759 ejus
931 1688 1056 1766 generis,

135 1788 221 1862 cujua
242 1785 362 1844 fuerunt
380 1782 427 1844 Fr.
448 1785 523 1844 XX.
546 1795 575 1842 et
596 1781 684 1842 XXI.

221 1921 364 2000 Deinceps
386 1923 470 2000 poaui
491 1939 606 1980 veroum
628 1917 689 2002 (Fr.
703 1917 850 1996 XXVI),
875 1923 926 1996 qui
943 1934 1059 1983 constat

137 2044 175 2084 ex
208 2025 318 2084 duobua
353 2024 525 2084 choriambis
561 2033 591 2080 et
628 2022 771 2100 dactylico
810 2023 943 2080 trimetro
978 2035 1055 2084 cata-

135 2130 239 2188 lectico
259 2129 292 2184 in
313 2129 467 2204 ayIIabam:
498 2124 576 2203 quod
602 2143 693 2206 genua
722 2125 810 2183 metri
837 2124 908 2182 alibi
934 2127 987 2184 vix
1015 2145 1057 2184 re.

136 2232 249 2310 perIaa:
271 2246 348 2296 ,nam
376 2207 452 2306 quod
480 2231 590 2308 iegitur
619 2225 696 2303 apud
722 2223 848 2284 Marium
874 2224 1057 2290 Victorinum

135 2347 164 2411 p.
186 2333 287 2391 2683:
311 2330 421 2409 „Ergo
444 2341 528 2387 erunt
549 2331 581 2386 in
602 2346 690 2386 verau
712 2339 770 2384 trea
793 2325 966 2403 choriambi,
990 2333 1060 2389 uiti-

135 2455 201 2496 mua
227 2433 368 2492 Bacchius
398 2451 415 2488 a
445 2432 527 2488 brevi
555 2430 720 2504 incipIenat·
748 2447 815 2486 nam
848 2431 919 2487 ratic
953 2434 1058 2494 abaonc

135 2537 301 2596 choriambo
318 2533 477 2626 clauditur,
499 2533 658 2609 meritoque
673 2529 855 2592 I'ctrameter
872 2537 1057 2596 catalecticus
1134 2569 1136 2572 ·

134 2641 296 2723 figuratur,
318 2645 366 2695 ut:
459 2621 461 2628 ’

237 2753 307 2806 Dum
324 2767 398 2804 meua
415 2749 458 2802 hic
476 2751 583 2803 aamduo
601 2753 693 2804 ardeat
708 2751 770 2820 igne
787 2753 896 2804 facua.“

134 2861 186 2938 Id,
208 2862 344 2936 inquam,
364 2869 531 2934 corruptum
553 2877 614 2915 erae
636 2866 764 2934 apparet.

221 2995 351 3074 Sequcm
372 2995 567 3074 fragmentum
591 2991 749 3080 (XXVII.)
767 3005 880 3054 comtat
893 3015 929 3054 ex
945 2998 1057 3060 Iuobaa

134 3101 306 3162 choriambis
336 3108 365 3156 et
392 3095 569 3174 ithyphallo,
601 3096 643 3152 ita
671 3103 767 3154 tamen
794 3107 827 3156 ut
847 3102 966 3161 accundi
988 3103 1056 3163 cho.

133 3205 236 3266 riambi
257 3206 354 3263 locum
374 3199 499 3280 jambica
521 3197 637 3274 dipodia
658 3200 795 3262 obtineat.

132 3359 135 3388 τ
223 3337 372 3398 Trimetro
394 3334 591 3394 choriambico
613 3337 762 3398 catalecto
783 3359 868 3400 naum
895 3359 957 3400 case
978 3344 1057 3404 Ana·

135 3455 282 3504 creontem
310 3452 412 3500 auctor
438 3450 483 3498 eat
505 3438 682 3516 Hephaeatio
711 3444 812 3521 1¹·52·
839 3447 963 3521 exempli
990 3447 1054 3506 Ioco

132 3565 296 3626 proponens
317 3543 364 3603 Fr.
385 3541 529 3602 XXVIII.
584 3541 721 3604 Conferat
750 3547 837 3606 etiarn
865 3545 998 3608 Servium
1024 3550 1056 3608 in

133 3646 483 3725 cenomanniam:
514 3644 765 3718 ‚macetranorum
792 3659 906 3710 coartat
933 3650 1055 3710 dimetro

131 3763 165 3812 ct
187 3749 408 3828 amphibracho,
433 3760 468 3808 ut
488 3759 531 3806 ert
553 3747 624 3810 hoc:

236 3864 381 3936 virgiliae,
398 3863 507 3920 Mantua
517 3868 602 3936 'quem
620 3863 751 3918 emant&
