2540 4412
972 319 1054 411 229

133 511 280 596 ἀφαίρεσιν
298 514 398 578 rod'·
370 551 385 582 ι
428 518 476 578 καὶ
493 513 615 597 ‘lindius
634 523 664 580 tr
681 513 828 593 interm
858 521 888 576 θ’
912 519 951 598 ’ὖ
977 543 1054 600 ¹⁸¹0r

135 623 298 700 ννανονὸνν
318 619 411 698 iuro·

242 735 367 806 Φιῖγωμιν
383 738 410 788 is
426 733 572 806 reposuisse,

236 819 329 891 Mrjn'
347 817 485 890 ἐκπερῶν
472 841 486 874 ο
505 825 616 892 πρέσβυς»

239 906 324 976 Οὖλὴν
340 905 459 960 κατευθὺ
479 907 494 940 *
511 907 526 940 *

233 997 351 1066 Βατηρίῃ
369 991 492 1062 σκολὺψῃ.

133 1105 180 1164 lta
209 1104 285 1160 enim
314 1099 364 1156 isti
391 1115 491 1156 versus
519 1097 682 1177 corrigendi
711 1115 771 1154 esse
799 1096 942 1156 videntur.
993 1099 1050 1158 iste

132 1219 229 1266 autem
247 1200 377 1277 Herodes
399 1218 454 1274 quo
477 1211 603 1276 tempore
624 1201 733 1257 vixerit
753 1200 929 1278 ignoramus.
973 1199 1048 1260 Mei-

131 1305 252 1367 neckius
275 1302 387 1380 quidem
413 1303 444 1358 in
466 1301 550 1360 Curis
572 1300 687 1359 criticis
715 1320 741 1376 p.
765 1303 815 1362 48,
843 1321 872 1358 n.
895 1301 923 1358 8.
951 1313 1048 1398 censpt

133 1410 210 1492 leuno
238 1415 350 1482 postam
375 1403 566 1482 Hipponactis
595 1405 770 1480 temporibus
798 1405 922 1462 vixisse:
952 1403 1049 1475 „Fuit

132 1522 230 1572 autem
257 1509 306 1566 ilie
333 1505 464 1565 Herodes
493 1505 717 1564 oholiamborum
746 1508 884 1582 scriptor,
919 1507 1049 1582 vixitque
1115 1569 1118 1576 ¹

131 1614 190 1673 nisi
211 1630 275 1669 mea
302 1628 348 1666 me
376 1608 452 1667 fallit
478 1611 662 1683 conjectura,
694 1585 886 1683 Hipponactis
912 1610 1050 1682 tempori-

130 1717 201 1788 bus,
230 1730 326 1789 aquo
349 1710 505 1789 perstringi
525 1710 640 1770 ridetur
661 1712 692 1767 in
721 1710 824 1789 fragm.
852 1709 927 1784 apud
951 1687 1048 1767 Schoi.

130 1817 271 1879 Nicandri
293 1813 379 1872 Ther.
401 1815 473 1870 474.
496 1832 523 1889 p.
545 1816 595 1868 44.
618 1813 644 1870 b.
666 1812 753 1870 Aid.“
802 1809 860 1868 Sed
882 1811 953 1868 nihil
974 1809 1047 1868 Mei·

128 1918 226 1980 neckii
254 1919 422 1976 sententiam
452 1897 602 1973 confirmat
629 1917 684 1972 iste
713 1913 903 1990 Hipponactis
932 1934 1045 1974 versos:

129 2033 206 2082 recte
236 2021 312 2077 enim
335 2015 526 2074 Sohneiderus
555 2036 591 2072 ex
623 2017 733 2074 duobus
763 2016 907 2073 codicibus
938 2017 1045 2076 edidit:

129 2123 268 2204 Γράφεται
288 2120 335 2179 καὶ
356 2118 521 2210 λαιμοξσσων
542 2112 601 2177 ἀντὶ
621 2119 671 2178 τοῦ
693 2118 805 2188 πεινῶν,
840 2115 877 2188 ὥς
893 2117 1044 2187 Ἱππῶναξ·

127 2225 273 2304 saredune
298 2225 327 2282 δι’
355 2245 405 2281 ooo
435 2219 466 2304 sd
494 2227 584 2294 χεῖλος
619 2221 655 2290 ὦς
687 2222 801 2299 ἐρωδιοῦ
834 2242 887 2298 pro
911 2222 1044 2301 Ἡρώδου.

127 2331 285 2408 Hipponax
305 2325 451 2400 scripsisse
474 2325 602 2384 ridetur:

227 2443 323 2511 Λαιμᾷ
339 2442 369 2494 dd
383 2457 431 2492 ooo
448 2435 481 2492 τὸ
495 2441 581 2504 χεῖλος
597 2437 631 2500 ὥς
647 2441 762 2512 ἓρωδιοῠ.
804 2510 809 2516 ,

127 2569 191 2650 Ego
218 2585 289 2626 sero
318 2562 402 2622 credo
429 2563 511 2619 ilium
542 2574 657 2638 poetorn
686 2561 910 2622 Alexandrinum
931 2564 1042 2640 ¹fuisse,

126 2671 274 2747 aequalem
294 2663 485 2724 Callimacho:
517 2665 593 2742 quod
615 2664 823 2741 quodammodo
844 2664 933 2724 Plinii
953 2668 1042 2726 verba

126 2777 157 2834 in
179 2769 318 2848 Epistolis
339 2766 371 2826 L.
392 2765 439 2824 lv.
462 2768 491 2824 3.
513 2768 682 2834 confirmare
702 2768 854 2829 ridenturr
881 2767 922 2824 ibi
943 2781 1037 2836 sutem

124 2878 195 2936 hoec
225 2875 377 2952 leguntur:
413 2867 488 2942 „ita
521 2881 598 2928 certe
630 2888 692 2926 sum
728 2869 846 2928 affectus
878 2870 939 2945 ipss
975 2891 1038 2930 cuns

124 2983 236 3038 Graeca
257 2973 463 3050 epigrammata
484 2983 551 3042 tus,
581 2991 645 3028 cum
666 2971 776 3028 iambos
804 2971 934 3045 proxime
959 2974 1038 3053 lege-

123 3103 191 3142 rem.
241 3080 389 3146 Quantum
419 3072 460 3128 ibi
489 3071 694 3147 humanitatis,
726 3072 902 3132 venustatis!
943 3077 1036 3144 Quam

124 3185 216 3242 dulcia
233 3181 301 3250 ilio,
323 3194 407 3252 quam
429 3176 563 3250 antiqua,
585 3193 671 3251 qoem
692 3187 812 3254 arguta,
835 3194 919 3252 quam
942 3177 1037 3238 rectai

122 3281 324 3344 Callimachum
345 3297 390 3336 rue
411 3279 457 3337 vei
478 3275 624 3336 Herodem
645 3279 692 3336 uel
713 3280 737 3336 si
760 3279 827 3354 quid
850 3278 895 3338 his
922 3283 1035 3353 metius,

122 3400 217 3448 tenere
238 3383 417 3441 credebam.“
458 3378 498 3436 Et
520 3377 664 3438 Herodem
687 3381 738 3439 iiio
759 3389 887 3457 tempore
914 3384 1032 3456 vixisse,

121 3507 176 3565 qun
192 3484 394 3544 choiiamisicae
415 3485 508 3560 poesis
530 3482 655 3540 studium
677 3493 846 3542 renovatum
869 3493 931 3556 cst,
953 3485 1033 3560 ipsae

121 3589 277 3647 carminum
307 3581 369 3661 etus
398 3586 538 3661 reliquias
570 3585 738 3642 confirmare
773 3584 925 3646 videnturr
960 3585 1032 3651 hacc

121 3691 194 3748 enim
215 3687 341 3744 carmina
361 3687 445 3746 nimis
466 3687 605 3746 recedunt
628 3687 664 3749 ab
691 3688 742 3744 illa
770 3690 932 3764 ugernensi
959 3692 1030 3748 simq

121 3793 262 3870 plicitum,
286 3805 359 3864 quse
380 3797 423 3846 est
443 3788 474 3846 in
496 3788 627 3865 reliquiis
648 3789 832 3864 antiquorum
853 3789 1028 3850 cheliondso.

118 3892 303 3976 gunterum:
330 3899 547 3967 pertenentem
567 3889 755 3956 Alexandrini
775 3893 875 3956 euicta
896 3897 1026 3972 materis,
