2544 4406
917 347 921 366 ,
1013 267 1077 356 11⁷

160 439 341 520 flagraverit,
371 459 436 500 eum
457 441 652 522 Polycratem,
681 453 765 525 cujus
787 423 968 518 ¹danmatione
989 469 1075 535 atque

160 541 356 630 familiaritate
369 543 521 640 utebatur,
541 548 656 621 pulcras
677 551 815 625 puberum
837 555 943 616 formas
963 578 1073 621 summa

160 644 254 704 studia
276 655 408 722 appetere
429 644 561 708 videret?

137 827 139 834 .
242 745 300 806 Sed
327 749 363 806 dc
382 748 572 812 Anacreontis
602 754 727 832 marilaus
755 759 805 832 qui
833 761 963 834 judicare
990 769 1071 841 velit,

156 849 255 910 sedula
284 870 387 912 cavere
417 852 500 910 debet
528 871 565 916 ne
592 855 624 910 iu
651 857 772 936 eundem
800 879 924 922 errorem
953 869 1071 946 incidat,

155 965 239 1029 'quem
256 956 392 1030 plerique.
436 952 576 1020 Homines
597 958 672 1016 euim
694 962 805 1038 antiqui
827 965 926 1042 iniqua
945 972 1070 1045 plerum-
1170 955 1173 964 ¹

155 1072 211 1131 que
237 1057 348 1133 judicia
377 1067 557 1135 posterorum
586 1063 698 1136 experti
727 1075 811 1124 sunt:
846 1085 913 1128 nam
942 1091 1007 1132 cum
1034 1077 1070 1142 al)

153 1159 218 1215 aliis
240 1161 271 1216 in
292 1161 403 1218 coelum
423 1162 520 1235 usque
534 1180 647 1236 morum
668 1165 841 1257 simplicitas
865 1182 952 1250 atque
979 1179 1070 1238 alsti-
1103 1156 1106 1168 ¹

153 1262 254 1318 nentia
276 1259 426 1334 efferatur,
455 1264 505 1321 alii
526 1265 606 1336 illas,
636 1268 718 1341 quati
739 1273 818 1328 omni
838 1275 976 1356 vitiorum
1003 1301 1068 1360 καις

154 1363 217 1419 tina
245 1364 331 1418 mersi
362 1364 437 1436 sint,
472 1366 684 1449 copdemnant.‘
720 1368 778 1427 Sed
808 1376 858 1450 qui
890 1395 926 1436 ex
960 1388 1068 1446 nastris

156 1464 282 1520 muribus
310 1465 345 1522 de
372 1467 517 1530 veteribus
545 1469 602 1524 illis
620 1469 810 1545 ‘judicaturus
838 1487 898 1549 est,
933 1481 958 1538 is
985 1502 1067 1546 secus

154 1574 264 1624 statuat
284 1577 472 1653 necessc,est.
521 1566 682 1628 Meminisse
703 1593 773 1632 veru
795 1577 943 1655 delmmus,
975 1603 1066 1661 quan.
1091 1572 1094 1578 ¹

153 1677 216 1724 turn
237 1687 291 1725 nas
318 1668 438 1754 studiis,
474 1670 600 1728 muribus
625 1689 656 1756 et
682 1677 758 1732 amni
785 1681 862 1738 vitae
890 1674 1001 1770 ratione
1030 1693 1065 1751 ab

150 1771 208 1826 illia
230 1771 339 1831 diversi
368 1773 472 1846 simus3
504 1790 588 1848 quarn
613 1777 722 1851 multa,
756 1798 828 1858 quae
855 1786 938 1846 nebia
968 1797 1065 1870 turpia
1089 1845 1094 1862 ,

134 1873 226 1946 aiut,
266 1873 343 1948 apud
372 1874 437 1930 illes
466 1875 505 1932 in
528 1877 653 1934 maximo
683 1877 793 1950 honore
822 1885 919 1946 habita
946 1889 1063 1956 fuerint.

148 1973 228 2032 Nihil
249 1985 345 2034 autern
372 1975 503 2034 fallacius
530 1996 622 2052 neque
652 1980 709 2037 dici
739 2003 831 2064 neque
858 1989 929 2068 fingi
958 2007 1062 2074 petest,

147 2095 232 2153 quana
262 2079 288 2135 si
322 2079 404 2154 quis
415 2097 451 2136 ex
479 2081 594 2156 seriptis
628 2083 662 2139 de
689 2081 790 2159 poetae
818 2092 908 2192 ipsius
936 2102 1063 2161 moribus

148 2183 343 2254 conjecturam
365 2180 470 2241 audeat
492 2181 594 2240 facere.
648 2182 741 2273 Saepe
769 2193 844 2250 enim
874 2183 971 2256 eorum
998 2206 1062 2265 vita

137 2283 305 2342 castissima
327 2294 356 2342 et
377 2285 562 2372 integerrima
582 2283 657 2362 luis,
689 2307 811 2364 quorum
840 2299 967 2358 earmina
993 2319 1061 2367 sunt

132 2385 254 2450 ‚lasciva
274 2394 360 2461 atque
381 2406 492 2463 spurca
629 2421 634 2460 t
698 2437 701 2442 «
913 2457 916 2465 ,
942 2458 945 2467 ,

230 2485 276 2546 lta
296 2489 322 2544 si
342 2490 388 2547 vel
409 2491 531 2568 exiguas
547 2489 617 2548 illas
639 2471 796 2554 carminum
818 2502 971 2584 reliquias,
994 2519 1058 2590 qui·

144 2569 197 2648 ius
225 2573 336 2649 invidia
363 2593 500 2669 temporis
528 2594 680 2668 pepercit,
706 2596 892 2684 perlegimus,
926 2612 1059 2681 videmur

141 2693 224 2752 uehis
247 2693 343 2752 videre
364 2695 570 2754 Anacreontem
592 2714 627 2784 ex
651 2699 739 2759 nimio
768 2706 837 2764 uina
866 2713 1056 2792 vacillantem,

141 2813 249 2855 cornua
281 2804 365 2870 eaput
394 2794 576 2870 redimitum,
608 2799 739 2860 oblitum
772 2815 955 2886 unguentis,
981 2817 1056 2882 fores

140 2897 357 2977 effringentem,
388 2900 494 2968 ameria
515 2898 612 2958 furare
632 2899 817 2980 flagrantem,
847 2930 950 2987 pueros
971 2927 1079 2991 modo*

139 3002 315 3076 reetrintem,
343 2998 428 3058 moda
451 3002 578 3074 puellas.
609 2989 649 3062 Et
669 3007 729 3080 jana
750 3020 877 3089 veteres,
906 3023 955 3094 qui
976 3003 1061 3090 Ana.

138 3113 284 3166 creontem
303 3081 343 3158 ¹en
366 3101 403 3157 iis
429 3101 648 3181 judicaverunt,
679 3127 752 3184 quae
776 3112 810 3170 de
837 3135 868 3174 se
882 3122 957 3196 ipse
985 3149 1053 3192 can..

137 3205 216 3262 tibus
238 3203 382 3276 ediderat,
411 3202 553 3266 hominem
581 3211 646 3286 esse
663 3211 847 3276 libidinosum
869 3235 898 3280 et
920 3229 1052 3290 volutab-

137 3305 246 3364 undum
273 3307 304 3364 iu
332 3307 529 3383 voluptatibus
560 3312 771 3392 insatiabilibus
805 3324 1052 3395 existimaverunt.

136 3406 195 3466 Sed
223 3410 263 3468 si
279 3409 344 3486 quis
373 3412 533 3470 accuratius
564 3417 661 3474 omnia
689 3432 832 3480 momenta
859 3434 1050 3512 perpenderit,

134 3513 260 3586 reperiet
280 3520 394 3587 poetam
416 3514 510 3571 sobrie
533 3527 665 3594 casteque
685 3521 802 3580 vixisse.
845 3526 922 3590 Ειιιιι
943 3553 960 3594 a
982 3541 1049 3628 vino

134 3613 324 3687 abstinuisse,
356 3632 527 3692 quamquam
548 3619 579 3676 in
601 3621 773 3681 carminibus
794 3626 903 3690 ebrium
930 3655 960 3694 se
988 3659 1049 3698 csse

132 3716 264 3790 simulet,
285 3715 448 3776 Athenaeus
469 3728 592 3778 testatur
613 3721 644 3780 1.
667 3722 708 3782 X.
729 3743 757 3804 p.
779 3729 851 3790 429.
873 3732 912 3796 Β.
935 3733 1050 3812 {taceae

131 3816 209 3890 did
234 3815 379 3899 Ἀνακρέων
406 3819 422 3880 ὅ
450 3819 543 3882 πᾶσαν
568 3821 654 3884 αὑτοῦ
681 3826 728 3900 τὴν
762 3835 869 3908 ποίησιν
902 3841 1048 3919 ἐξαρτήσας

807 3930 833 4004 2
865 3957 868 3964 ,
