2540 4412
227 306 315 386 206

169 515 177 530 ‘
277 495 318 570 5
380 495 460 570 Νῦν
486 497 526 568 δὲ·
550 482 720 585 λειμῶνας
745 511 782 558 ιο
808 480 953 578 βόσκεαι
975 479 1094 580 κοῦφά
1116 510 1165 557 τε

767 603 944 702 σκιρτῶσα
971 604 1049 686 παί
1042 603 1127 690 {weg

381 744 504 835 Δεξιὸν
525 741 591 842 γὰρ
614 717 825 839 ἱπποσιίρην
847 732 912 810 οὐκ
933 741 1022 830 ἔχεις
1047 741 1163 832 ἐπεμ-

770 851 894 956 βάτην.
951 901 952 906 1

242 1097 244 1104 ,
316 1037 382 1096 Ηοο
398 1051 511 1092 carmen
526 1033 633 1110 legitur
647 1027 722 1104 apud
735 1022 880 1082 Heraclid.
896 1021 1007 1080 Pontic.
1024 1003 1160 1104 llllegoa·.¹

232 1145 350 1204 Homer.
373 1160 399 1217 p.
425 1137 471 1192 16.
494 1133 537 1191 etl.
559 1131 672 1190 Schcw
700 1130 761 1188 Kal
788 1127 839 1204 μὴν
866 1125 883 1187 ὅ
909 1126 989 1202 'stilos
1008 1123 1161 1204 Ἀνακρέοιν

233 1243 367 1324 ἱταιρικόν
400 1237 526 1318 φρόνημα
561 1235 609 1294 καὶ
644 1231 766 1309 σοβαροῖς
799 1229 929 1307 γυναικός
969 1227 1161 1306 ὑπερηφανίαν

233 1348 381 1418 ὀνειδίζων,
412 1343 460 1402 τὸν
480 1347 508 1400 ἐν
536 1334 605 1417 αὐτῇ
633 1335 780 1414 σκιρτῶντα
807 1357 871 1393 νοιιν
899 1331 936 1402 ὥς
964 1357 1048 1393 ιιιιιον
1073 1331 1161 1408 aiilo-

234 1452 363 1533 γόρησεν,
392 1446 463 1506 clito
484 1447 583 1520 λέγων·

338 1565 416 1617 Πῶλε
437 1563 547 1632 Θρῃκίη,
565 1560 595 1608 τί
610 1555 641 1623 δή
658 1575 691 1622 με

338 1647 426 1708 Λοξὸν
444 1646 545 1715 ὄμμασι
561 1645 689 1708 βλέπουσα

339 1736 445 1803 Nolanis
464 1754 490 1802 φ.

238 1860 288 1952 Sic
309 1859 381 1916 haec
402 1857 491 1933 vulgo
513 1855 544 1909 in
566 1851 702 1907 dimetrcs
725 1850 884 1908 trochaicus
907 1848 1043 1922 disposita
1063 1861 1159 1920 erant,

237 1968 279 2024 ita
303 1973 337 2020 ut
358 1975 486 2037 quaeque
508 1950 626 2027 stropha
648 1971 685 2007 cx
705 1952 799 2014 trihus
818 1951 948 2012 versibus
964 1953 1159 2009 acatalecticis

239 2077 269 2125 et
297 2082 356 2123 ιιιιο
383 2059 550 2117 catalectico
579 2064 732 2112 constaret.
790 2052 830 2112 Et
858 2054 979 2112 dimetro
1011 2052 1158 2110 trochaico

239 2166 424 2228 acatalectico
452 2179 535 2218 usum
566 2143 627 2214 esse
656 2156 865 2214 Anacreontcm
895 2156 1094 2234 cognoscimus
1122 2175 1157 2213 ex

240 2274 294 2342 iis,
317 2285 390 2345 quac
412 2265 524 2323 Plotius
545 2261 647 2319 scribit
669 2278 696 2335 p.
719 2261 817 2317 2648:
839 2255 1060 2332 „Trochaicum
1083 2257 1161 2315 Ana·
1211 2245 1214 2258 ⁸

240 2372 401 2432 arcontium
430 2368 584 2425 dimetrum
612 2363 800 2420 acatalectum
837 2373 897 2434 est,
935 2359 1011 2435 quod
1047 2371 1161 2419 constat

242 2474 383 2536 trochaeis
405 2482 547 2548 quatuor,
576 2467 626 2544 qui
647 2464 742 2541 juncti
769 2463 882 2522 faciunt
911 2462 1063 2520 diaretrum
1095 2482 1161 2521 aca-

241 2578 421 2639 talecticum:

345 2693 417 2743 Aura
434 2687 501 2739 veris
519 2690 546 2736 et
562 2683 695 2734 Favoni.“

242 2817 349 2876 Verum
372 2833 425 2894 ego
448 2811 544 2888 potius
564 2811 607 2868 ita
628 2806 766 2866 constitui
788 2803 842 2860 hoc
864 2819 995 2874 carmen,
1022 2813 1054 2860 ut
1071 2813 1160 2862 tetra-

241 2921 330 2978 metri
351 2916 490 2976 trochaici
512 2912 693 2973 acatalectici
713 2907 861 2984 conjuncti
883 2913 979 2961 essent
994 2924 1057 2963 cum
1073 2915 1162 2964 tetra-

244 3021 343 3078 metris
365 3019 548 3076 catalecticis.
591 3015 632 3074 Et
653 3011 845 3073 acatalecticis
858 3008 972 3084 quidem
988 3011 1162 3066 tetrametris

245 3141 329 3181 usum
356 3137 417 3176 esse
444 3120 653 3177 Anacreontem
682 3136 719 3174 ex
748 3112 970 3190 Hephaestionis
999 3112 1162 3169 testimonio

246 3231 423 3300 compertum
444 3217 597 3289 hahemus,
619 3218 695 3292 apud
717 3235 801 3291 quem
824 3213 893 3273 haec
914 3215 1052 3292 leguntur
1067 3214 1162 3288 1236:

247 3328 309 3388 Καὶ
334 3323 389 3382 τοῖν
415 3317 605 3392 ἅκαταλήκτοιν
632 3320 661 3376 tt
688 3318 719 3375 τὸ
747 3315 920 3395 τετράμετρον
948 3310 1056 3379 ἔνδοξόν
1088 3320 1164 3383 ἐστιν,

248 3425 308 3490 οἷον
326 3425 403 3487 τουτὶ
422 3423 472 3483 τοῦ
490 3419 688 3498 Ἀνακρέοντος·

350 3543 446 3596 Κλῦθί
460 3560 510 3612 μειι
528 3542 649 3609 γέροντος
666 3529 788 3604 εὗέθειρα
801 3528 960 3603 χρυσόπεπλε
979 3534 1068 3605 κούρα.

248 3668 327 3727 ldem
344 3627 428 3725 slocet
444 3662 587 3724 Servius*
578 3681 608 3719 ιιι
622 3657 839 3734 Οοιιιίιιιοιιορ.
831 3659 952 3716 .;1820
975 3658 1167 3730 „Anacreon

250 3775 323 3832 tium
329 3780 460 3850 coastat
481 3775 649 3827 tetrametro
672 3761 849 3832 acatalecto,
871 3769 905 3818 ut
927 3771 970 3816 est
991 3758 1062 3816 hoc.

354 3885 461 3940 Parce
449 3902 507 3956 ΙΙιιιιι
523 3881 655 3935 Camacas
672 3877 740 3937 vati,
759 3891 836 3948 parce
850 3875 907 3957 jasa
925 3891 1000 3926 sacro
1018 3873 1135 3924 furori!
