2544 4406
222 313 274 390 l‘l

221 507 367 575 ποιοῦντιςι-
392 504 484 575 αὐτοῖς
517 491 572 566 ὅσα
609 505 624 564 ὅ
663 507 764 582 δαίμων
798 507 902 576 ἐδίδου,
941 505 973 586 τῇ
1006 507 1043 574 οἷς
1076 509 1140 575 rode

221 610 378 679 ἀδικοῦντας
406 610 534 690 λοιδορίᾳ.
575 610 632 667 ¹At
663 609 792 668 Julianus
821 609 856 666 dc
892 611 1026 668 universa
1059 615 1139 685 poesi

220 714 409 773 Anacreontis
436 715 581 788 loquitur,
616 730 688 787 quae
718 732 785 771 sanc
813 712 870 770 fuit
898 715 1052 788 arrratoria3
1089 715 1139 770 sed

218 821 297 893 ipsae
311 817 469 873 carminum
481 816 619 890 reliquiae
634 816 736 880 docent
750 833 815 872 eum
831 835 887 872 non
903 817 1027 873 alienum
1048 817 1139 874 fuisse

219 923 254 978 ab
284 919 338 976 boc
369 936 472 997 genere
499 921 633 995 satyrico.
691 917 735 976 ltu
766 917 950 976 Artemonem
982 920 1137 988 aemulum,

219 1041 303 1098 quem
325 1022 360 1078 ab
382 1019 547 1098 Eurypyle‚
579 1039 664 1095 quam
686 1021 746 1096 ipse
767 1039 877 1077 summo
900 1021 997 1078 studio
1025 1024 1139 1096 expeti-

219 1134 319 1197 verat,
350 1122 406 1180 sibi
426 1121 565 1198 praeferri
586 1123 678 1194 vidit,
712 1124 837 1180 carmine
866 1124 1138 1182 nraledicentissimo

219 1225 337 1307 (XlX.)
354 1227 483 1305 graviter
496 1226 623 1284 vexavit.
667 1224 699 1281 ln
712 1223 759 1281 Fr.
777 1224 894 1283 LXVll.
910 1226 1023 1284 Alexim
1046 1246 1138 1303 quen-

218 1331 284 1388 dam
308 1333 420 1388 calvum
442 1337 540 1386 notat:
564 1328 593 1383 in
615 1327 661 1384 Fr.
682 1325 851 1385 LXXXIV.
873 1330 962 1387 alium
984 1330 1136 1406 quendam,

217 1437 303 1493 uxori
324 1453 392 1491 suae
414 1432 612 1504 ancillantern„
636 1431 738 1508 tangit.
783 1428 827 1487 Ne
840 1427 987 1489 Smerdiae
1010 1433 1136 1508 quidem,

217 1556 306 1613 puero
334 1534 537 1594 venustissimo
567 1545 596 1590 et
625 1533 681 1589 sibi
709 1537 960 1610 conjunctissimo,
997 1535 1145 1609 pepercit,-

216 1660 281 1698 cum
318 1641 363 1696 illi
398 1637 558 1713 Polycratis
594 1639 676 1710 Jursu
711 1639 851 1694 caesaries
887 1638 1006 1695 detonsa
1043 1648 1144 1695 esset:v

216 1757 389 1817 quamquam
424 1757 489 1794 cum
525 1739 609 1794 illum
643 1739 754 1813 probris
792 1738 945 1818 flagitiosis
978 1741 1135 1814 lacessivit,

192 1895 194 1902 ι
216 1845 337 1902 obscure
357 1842 472 1899 notavit
492 1838 691 1916 Polycratem3
722 1839 797 1897 bunc
819 1843 894 1898 enim
915 1842 1010 1900 virum
1032 1853 1145 1916 potem·

215 1948 357 2005 tissimum
374 1963 410 2000 ne
425 1943 565 2014 laederet,
592 1943 661 1998 siin
676 1944 769 2018 ipsum
786 1945 898 2019 culpam
918 1954 1015 2018 aperte
1039 1955 1131 2004 trans·

110 2091 113 2100 .
158 2081 160 2086 ·
214 2043 320 2121 ferret,
351 2046 505 2125 verendum
527 2054 597 2102 erut.
641 2043 778 2104 Conferas
801 2029 874 2124 quse
896 2048 972 2106 dieta
1001 2059 1070 2105 sunt
1097 2051 1143 2106 ad.

213 2150 261 2208 Fr.
271 2148 374 2208 XLVI.
408 2147 448 2205 Et
463 2148 567 2220 iambi,
589 2165 660 2222 quos
667 2147 831 2208 Archilochi
844 2153 1022 2225 aliorumque
1035 2169 1134 2208 exem-

213 2257 293 2330 plum
309 2261 424 2310 secutus
441 2253 571 2326 scripsit,
595 2251 671 2326 quod
692 2272 783 2330 genus
804 2255 962 2311 carminum
980 2257 1134 2330 proprium
1192 2249 1194 2257 ¹

213 2355 270 2414 fuit
291 2355 472 2414 cavillationi
493 2364 522 2411 et
544 2352 755 2432 objurgationi,
780 2375 838 2414 non
860 2356 978 2414 fuerunt
999 2367 1134 2432 expertes

213 2461 297 2515 istius
319 2459 478 2529 irrisionis,
510 2466 543 2514 ut
568 2459 615 2516 vel
637 2455 684 2515 Fr.
707 2457 875 2517 LXXXlV.
899 2471 928 2516 et
955 2461 1013 2518 alia
1042 2479 1132 2538 quae·

128 2615 134 2626 ,
213 2555 436 2646 danr'indicunt.

297 2678 397 2755 Neque
419 2697 488 2737 vero
510 2679 566 2737 buc
588 2681 766 2738 referentium
789 2691 847 2752 est,
871 2682 948 2758 quod
970 2682 1040 2740 dicit
1055 2683 1131 2742 Acro

210 2785 248 2840 ad
283 2781 386 2841 Horat.
416 2781 509 2840 Carm.
539 2781 570 2841 L.
599 2783 647 2842 IV.
677 2787 705 2868 9.
736 2777 774 2844 9':
822 2785 997 2857 „Anacreon
1034 2798 1132 2846 autem

211 2885 347 2964 Satyram
368 2869 499 2962 scripsit,
523 2890 631 2946 amicus
643 2887 793 2967 Lysandri.
836 2887 896 2945 Alii
914 2889 1029 2962 dieunt,
1053 2891 1138 2966 quod

212 2989 327 3062 scripsit
348 2987 451 3046 Circen
477 3002 505 3062 et
527 2991 689 3067 Penelopen
711 2993 742 3047 in
763 3010 821 3048 uno
842 2992 1019 3050 laborantes:
1053 2994 1130 3066 unde

211 3093 356 3168 imprimo
377 3091 451 3148 libro
473 3093 504 3148 in
526 3095 578 3150 ode
606 3094 699 3152 Velox
721 3113 889 3166 amoenum,

314 3191 391 3240 Dices
407 3189 558 3241 laborantes
574 3193 602 3241 in
619 3210 672 3243 uno

313 3275 470 3345 Penelopcm
486 3277 647 3347 vitreamque
665 3273 791 3328 Circen-‘⁸
811 3301 825 3332 ι.

296 3381 392 3440 Homo
410 3386 486 3440 enim
506 3385 571 3454 ille,
593 3386 643 3460 qui
656 3384 778 3441 Acronir
797 3386 912 3444 nomine
933 3359 1127 3466 nuncupatur,

209 3497 259 3545 aut
282 3488 311 3542 in
334 3485 474 3564 Lysandri
494 3488 753 3574 nomino'erravir,
787 3496 837 3546 aut
860 3490 896 3548 ad
918 3493 1129 3553 Anacreontem

209 3589 359 3649 transtulit
386 3609 434 3663 ea,
472 3610 545 3667 quae
575 3591 610 3647 dc
640 3591 697 3648 ulio
727 3609 782 3667 quo
813 3603 899 3667 poeta
929 3597 1036 3654 tradita
1064 3615 1127 3655 esse

208 3693 326 3774 legerat.
368 3692 409 3751 Et
421 3693 599 3772 Lysandrum
613 3694 726 3770 quidem
741 3696 833 3770 poetis
847 3695 1028 3761 familiariter
1041 3717 1128 3759 usum
1155 3745 1159 3752 ,

210 3816 270 3855 esse
292 3796 375 3856 dccet
396 3795 568 3856 Plutarchus
590 3799 622 3856 iu
643 3799 704 3858 vita
718 3796 862 3875 Lysandri
882 3820 906 3858 c.
931 3804 988 3862 18:
1015 3801 1077 3862 Toir
1096 3805 1128 3862 dr?

208 3901 326 3978 ποιητοῖν
346 3905 473 3983 Χοιρίλον
499 3905 547 3980 μὲν
576 3897 618 3964 aiei
645 3899 707 3980 aspi
735 3899 818 3964 adedo
846 3899 930 3982 εἶχεν,
959 3905 995 3976 ὥς
1023 3905 1129 3984 κοαμή,
