2540 4412
213 281 294 358 188

215 473 274 532 Ηίσ
294 474 369 532 enirn
386 475 525 548 'corrrrpta
552 481 619 528 runt
646 470 734 530 verba
762 467 834 550 παρ’
856 467 944 531 circs:
975 471 1128 548 scripserat
1148 497 1151 508 s

215 579 289 634 enim
325 590 425 654 poeta:
461 578 605 653 erepcione.
662 575 768 632 Verum
805 575 874 633 huec
910 577 1006 630 omnia
1042 576 1129 652 longe

216 682 300 738 alitor
334 690 402 736 sunt
438 677 646 736 constituenda.
704 674 756 733 Sic
791 681 866 735 enim
900 676 1034 735 Pratiuas
1073 667 1129 748 ista

213 784 383 856 scripserat:

320 877 384 930 Τάν
408 874 530 929 ἀοιδὰν
551 881 759 932 auctorante
782 878 873 948 Πιερὶς
896 879 1086 944 βασίλειαν·
1113 876 1128 928 ὁ

793 962 819 1016 δ’
838 962 917 1022 αὐλὸς

310 1048 436 1122 Ὕστερσν
450 1054 592 1120 χορευέτω·
610 1052 653 1102 καὶ
670 1048 721 1119 yrc'p
739 1047 800 1102 ἔσθ’
819 1047 997 1120 ὑπηρέτας.

231 1145 233 1150 “
315 1136 418 1204 Κώμῳ
442 1133 523 1203 μόνον
544 1134 714 1205 θυραμάχοις
736 1155 763 1187 τε
785 1138 956 1205 πυγμαχίαισι
977 1139 1037 1186 σίων
1058 1138 1130 1188 θέλει
1152 1194 1157 1204 ἱ

791 1238 811 1271 rr
818 1240 855 1291 op
864 1223 913 1271 σίν
919 1240 957 1272 ων

309 1290 435 1359 'Eriperes
451 1286 638 1358 στρατηλάτας.

300 1396 423 1467 Graeci,
451 1406 483 1453 ut
506 1394 637 1452 omnibns
658 1397 687 1452 in
711 1396 811 1464 rebus,
839 1396 881 1452 ita
902 1395 934 1451 in
956 1395 1036 1452 bonis
1058 1413 1128 1470 quo-

215 1520 270 1580 qne
292 1498 401 1556 artibus
422 1507 556 1554 naturam
578 1496 678 1554 ducem
697 1502 804 1572 secuti,
827 1499 911 1554 facile
926 1498 994 1572 quin
1008 1510 1128 1569 rectum,

215 1604 284 1682 quid
306 1619 487 1678 perversum,
511 1598 577 1675 quid
594 1602 740 1674 pulcrum,
764 1599 832 1676 quid
847 1599 1029 1658 invenustum
1044 1612 1129 1672 esset,

213 1709 434 1768 intellexerunt:
468 1705 563 1774 itaque
584 1702 788 1773 instituerunt,
812 1712 844 1758 ut
865 1713 1018 1759 concentus
1041 1703 1129 1760 tirna-

215 1829 278 1868 rum
301 1809 393 1881 ipsum
416 1813 531 1860 cantum
554 1821 613 1860 non
635 1804 814 1874 obscuraret,
844 1804 891 1859 seri
915 1804 1126 1868 moderaretur:

215 1927 385 1992 quamquam
407 1909 467 1981 jam
489 1905 545 1962 iliis
567 1906 741 1978 temporibus
763 1882 892 1962 nonnulii
913 1907 1045 1979 fuerunt,
1078 1914 1129 1984 qni

214 2035 233 2074 a
251 2031 321 2073 vern
343 2011 498 2085 pulcraque
518 2006 696 2079 recedentes,
726 2025 826 2064 sonum
850 2010 989 2068 musicum
1017 2023 1128 2070 tantum

214 2123 372 2184 auxerunt,
402 2121 434 2168 ut
455 2111 581 2168 carmina
603 2111 664 2184 ipsa
686 2109 930 2184 obstreperentur':
959 2133 1073 2188 prorsus
1096 2128 1129 2174 ut

215 2217 289 2296 apud
307 2233 359 2272 nos
380 2215 468 2272 morio
490 2224 541 2271 cst.
585 2210 624 2269 Et
646 2231 698 2268 nos
721 2213 849 2286 quidem,
872 2215 974 2289 quibus
995 2217 1024 2271 in
1047 2227 1129 2276 tanta

214 2339 309 2380 rernm
331 2318 457 2376 omnium
479 2317 682 2392 perversitate,
705 2315 735 2370 iu
758 2326 838 2373 tanta
861 2317 997 2374 bonarum
1020 2321 1127 2379 artium

181 2452 188 2472 x
215 2423 433 2500 depravatione,
458 2440 557 2478 sensns
579 2422 672 2496 pulcri
694 2432 722 2476 et
743 2420 804 2476 veri
826 2418 973 2477 hebetatus
996 2433 1054 2492 eat,
1083 2422 1128 2480 fa-

215 2529 269 2584 cile
290 2526 429 2600 patimur,
451 2525 531 2580 inani
548 2525 670 2599 strepitu
684 2523 938 2578 instrumentorum
954 2525 1128 2581 musicorum

213 2632 276 2705 ipsa
297 2627 424 2684 carmina
445 2626 580 2682 obtundi:
603 2635 689 2698 atque
711 2623 837 2698 profecto
860 2625 1022 2697 saepissime
1037 2628 1128 2682 satiris

215 2744 273 2803 est,
304 2732 375 2786 istas
403 2727 601 2803 cantiunculas
629 2726 709 2783 inani
736 2725 887 2783 verborum
916 2738 1026 2783 tumore
1048 2748 1127 2785 com-

214 2836 339 2911 positas,
368 2833 568 2906 confectasque
594 2829 630 2887 ab
652 2828 828 2899 hominibus,
858 2829 907 2903 qui
928 2830 970 2884 rei
992 2832 1128 2890 metricae

214 2957 250 2995 ne
278 2939 369 3012 prima
399 2935 514 3010 quidem
542 2935 682 2990 elementa
711 2943 844 3006 percepta
873 2930 993 3002 habeut,
1021 2933 1128 2992 nedum

214 3047 237 3096 τ’
260 3039 376 3114 perenni
398 3033 545 3094 Musarum
572 3015 651 3094 fonte
681 3035 762 3112 largo
791 3044 876 3108 atque
906 3033 992 3091 avido
1022 3032 1128 3094 haustu

213 3143 362 3208 biberunt,
385 3138 468 3212 plane
479 3156 536 3194 non
548 3138 696 3208 'exaudiri‚
719 3135 769 3192 aed
783 3137 949 3193 oblitterari.
993 3135 1129 3196 Pratinar

213 3259 283 3299 vero
305 3240 460 3318 aegerrime
480 3237 574 3294 ferens
596 3225 687 3295 artem
709 3237 858 3311 depravari
878 3249 907 3294 et
934 3239 964 3295 in
992 3256 1128 3315 praecepa

213 3342 275 3410 rui,
308 3341 438 3418 graviter
464 3340 495 3395 in
523 3341 593 3396 istor
622 3337 750 3408 homines
778 3338 939 3398 invehitur:
975 3340 1127 3413 „Cumana

214 3441 303 3500 Mum
317 3441 400 3516 fecit
422 3461 538 3518 regem,
568 3441 644 3498 citio
666 3459 736 3498 vern
751 3451 824 3520 post
845 3449 955 3499 conat:
986 3445 1129 3520 ministra

215 3546 291 3604 enim
320 3551 384 3618 σείς
417 3546 625 3602 comessationi
652 3553 769 3602 tantum
798 3553 827 3601 et
846 3544 1009 3615 ‚iuuenibus
1036 3547 1129 3606 ebriis

206 3649 298 3725 fores
327 3648 555 3726 effringeatr'buc
588 3649 644 3707 illu
673 3647 736 3704 dux
766 3654 840 3705 eet.“
895 3646 1129 3708 Comesrautilrue

215 3731 290 3810 enini
311 3753 383 3810 tibia
404 3754 534 3810 comitari
563 3754 687 3811 solebat:
716 3751 846 3811 conserus
873 3749 1019 3808 Ciceronis
1046 3751 1129 3830 frag-

214 3867 341 3916 mentum
370 3875 406 3914 ex
432 3856 505 3914 libro
534 3857 568 3916 de
595 3857 654 3914 ruis
683 3857 823 3916 consiliis:
855 3852 943 3930 „sea
970 3865 1003 3914 ut
1031 3855 1131 3930 aliqua
