2540 4412
990 313 1066 394 1⁷7

143 489 320 574 Πυρρότριχσ
341 503 436 554 autem
452 491 572 554 critiam
595 499 785 576 ignominiose
805 505 956 578 compellat
978 505 1060 566 Cleo·
1130 510 1132 517 '

144 596 238 672 phun:
268 596 408 654 falluntur
430 597 504 654 enim
528 600 577 674 qui
599 578 652 658 hoc
674 619 786 678 quoque
809 606 870 663 loco
898 574 1060 688 ξανιίιίτριχι

141 698 322 756 scribendum
353 716 415 754 esse
443 710 570 757 cerasent.
628 699 718 760 Solon
748 716 814 764 ante
847 707 897 765 illo
930 721 1058 786 tempore

142 820 262 876 puerum
283 800 359 860 hunc
381 798 501 858 Critiam
524 803 697 860 carminibus
719 806 906 866 celebravisse
933 814 1057 890 vitletur,

143 921 199 978 quo
223 905 296 960 vixit
318 901 453 975 Athenis,
484 900 637 961 Pisistrato
658 907 718 980 jam
739 924 833 964 rerum
855 913 963 983 potito:
992 935 1058 978 nam

141 1003 312 1064 Plutarchus
341 1005 455 1082 quidem
483 1005 515 1061 in
542 1006 605 1062 vita
627 1001 741 1064 Solonis
770 1027 794 1063 c.
824 1011 874 1067 32.
905 1014 1057 1078 ex·Hera.

141 1109 214 1164 clitle
236 1106 356 1166 Pontico
377 1107 466 1165 refert
488 1103 623 1164 Solonem
644 1127 738 1166 rerum
761 1110 937 1184 publicarum
962 1119 1056 1182 forma

140 1229 191 1286 per
225 1209 408 1267 Pisistratum
443 1211 594 1266 immutata
632 1209 681 1266 ιλίιι
718 1211 837 1269 Athenis
872 1203 1055 1292 superstitem

139 1312 244 1370 luisse:
273 1307 419 1386 Ἔπεβίωσι
447 1307 476 1368 δ’
502 1301 550 1370 οὖν
571 1309 586 1370 ὁ
608 1310 704 1372 Σόλων
723 1311 873 1392 ἀρξαμένου
892 1324 1055 1402 Πεισιστρά.

139 1437 188 1476 του
216 1419 365 1491 τυραννεῖν,
402 1412 438 1482 ὥς
464 1416 513 1490 μὲν
537 1411 709 1492 Ἡρακλείδης
742 1415 757 1476 ὁ
786 1419 920 1488 Ποντικός
945 1425 1052 1504 ἱστορεῖ,

138 1516 238 1590 συχνὸν
253 1513 362 1595 χρόνον.
404 1516 505 1575 Fuerit
526 1519 617 1594 igitur
636 1516 741 1576 Critias
764 1521 839 1580 circa
853 1521 1052 1600 Olympiadem

138 1621 403 1699 quinquagesimam
425 1630 556 1694 quartum
578 1631 677 1680 notua:
702 1633 733 1678 ut
755 1623 805 1678 illo
828 1633 971 1700 tempore,
993 1648 1052 1707 quo

137 1724 288 1782 Anacreon
316 1721 435 1780 Athenis
465 1731 596 1779 versatus
627 1734 686 1795 est,
723 1723 801 1780 virili
831 1735 924 1784 aetate
953 1729 1051 1792 fuerit.

139 1828 318 1901 Quamquam
340 1844 375 1882 ne
396 1826 438 1882 sic
461 1823 591 1902 quidem,
621 1825 652 1882 id
674 1827 750 1916 quotl
771 1825 854 1885 Plato
874 1829 974 1908 lingit,
1003 1833 1051 1894 hio

137 1927 243 1988 Critias
265 1928 477 2008 nonagenarius
497 1946 515 1984 a
533 1929 648 2008 juniore
666 1927 758 1986 Critia
780 1932 875 2003 potuit
896 1932 998 1993 villeri.

220 2029 339 2090 Athenis
360 2041 456 2088 autem
468 2030 617 2086 Anacreon
639 2031 710 2088 viris
731 2033 848 2088 summis
869 2033 1052 2096 familiariter

135 2151 205 2192 usus
232 2144 290 2208 est3
323 2135 366 2192 ita
394 2134 436 2190 ihi
465 2133 552 2190 etiam
573 2128 737 2207 Xanthippi
765 2133 859 2205 illius,
897 2137 945 2209 qui
969 2135 1050 2197 Peri-

112 2238 189 2298 .clia
210 2235 266 2293 luit
287 2247 385 2310 pater,
407 2245 436 2292 et
458 2244 556 2308 postea
577 2234 607 2289 in
628 2251 728 2311 pugna
748 2233 784 2290 atl
797 2232 936 2310 Mycalem
957 2241 1052 2298 victor

135 2357 269 2420 magnam
290 2337 413 2393 nominis
435 2335 595 2392 claritatem
616 2335 736 2410 adeptus
758 2346 817 2407 est,
846 2342 1051 2402 consuetudine
1119 2354 1121 2359 '

135 2461 205 2502 usus
227 2457 287 2496 csse
310 2436 439 2509 videtur3
461 2436 602 2511 siquitlem
623 2435 770 2495 Himerius
786 2435 867 2495 Orat.
881 2439 914 2497 V.
938 2461 963 2516 p.
977 2446 1049 2508 476.

135 2546 223 2604 dicit:
255 2537 340 2601 Οὐδὲν
360 2537 458 2616 ἐραστῇ
478 2534 550 2617 παρ’
571 2542 704 2617 ίροιμίνου
729 2538 803 2618 βαρὺ
830 2541 877 2599 καί
904 2542 1048 2607 δύσκολον.

127 2644 263 2709 'Ecntvtla
289 2645 338 2720 μὲν
360 2637 506 2720 Ἀνακρέων
533 2641 570 2710 εἰς
588 2641 782 2722 Πολυκροίπους
809 2643 976 2723 στελλόμενος
1002 2651 1050 2710 νίν

132 2753 219 2830 μέγαν
244 2745 408 2810 Ξάνθιππον
435 2748 695 2825 προςφθίγξαοθαι.
739 2727 862 2803 λ’ίιλειιιι
888 2749 961 2805 enim
991 2751 1050 2810 Hi.

131 2855 238 2914 merius
264 2848 444 2926 Polycratem
471 2867 536 2904 cum
563 2847 729 2922 Hipparcho
757 2844 929 2904 confudisse.
978 2852 1048 2910 Jore

132 2966 229 3017 autem
241 2949 427 3025 Xanthippus
448 2951 497 3006 ille
510 2947 691 3006 Atheniensis
713 2947 808 3022 potuit
830 2966 950 3026 magnus
973 2953 1045 3016 tlici:

130 3063 211 3136 inque
232 3075 266 3112 eo
288 3065 431 3127 teutpert,
465 3069 522 3128 quo
544 3054 693 3109 Anacreon
714 3048 833 3106 Athenis
854 3068 1045 3115 commoratus

132 3173 191 3233 est,
212 3159 376 3218 adolescens
392 3153 451 3210 sere
464 3152 531 3210 fuit.
574 3153 614 3211 Et
630 3152 856 3210 familiaritatem
872 3154 948 3214 iuter
959 3155 1045 3215 Xan-

131 3263 259 3340 thippum
282 3272 310 3317 et
328 3256 535 3313 Anacreontem
548 3248 750 3312 'intercessisse
770 3255 876 3333 colligo
898 3259 985 3315 etiam
1008 3278 1044 3318 ex
1109 3252 1113 3257 ’
1142 3239 1146 3260 ’

129 3365 272 3425 Pausania
294 3361 324 3418 L.
346 3357 368 3417 l.
390 3376 416 3417 c.
439 3356 497 3416 25:
522 3352 597 3418 Ἐστι
620 3361 649 3418 δὲ
676 3363 704 3416 ἐν
730 3356 763 3436 τῇ
781 3351 933 3430 Ἀθηναίων
960 3355 1045 3437 ἀκρο-

128 3469 206 3530 πόλει
227 3466 274 3525 καί
291 3461 423 3542 Περικλῆς
443 3457 458 3520 ὅ
479 3465 645 3522 Ξανθίππου
667 3462 714 3520 καί
734 3455 816 3524 αὐτὸς
836 3456 852 3516 ὅ
873 3456 1045 3537 Ξάνθιππος,

129 3571 160 3641 ὃς
187 3547 366 3644 ίναυμιίχησιν
393 3565 439 3622 aa
460 3562 579 3644 Μυκάλῃ
607 3564 729 3638 Μήδοις·
759 3557 820 3620 ἀλλ’
848 3559 864 3620 o‘
890 3567 939 3638 μὲν
958 3577 1044 3643 Περι-

128 3677 221 3739 κλέους
242 3665 350 3745 ἇνόριιίις
369 3669 485 3746 ἑτέρωθι
506 3664 656 3726 ἀνάκειται·
686 3667 737 3726 τοῦ
758 3666 787 3721 li
807 3663 857 3721 τοῦ
877 3670 1043 3726 Ξανθίππου

127 3778 240 3850 πλησίον
261 3771 366 3844 ἕστηκεν
382 3767 529 3847 ’Λνακρίοιν
555 3767 571 3830 ὅ
597 3767 689 3842 Τήιος,
716 3767 823 3844 πρῶτος
847 3768 914 3842 μετὰ
934 3770 1042 3843 Σαπφοί

128 3875 176 3950 τὴν
196 3874 332 3950 Λεσβίαν,
363 3871 397 3932 τὰ
425 3872 525 3958 πολλοί,
559 3863 596 3934 ὧν
622 3872 752 3949 ἔγραψεν,
782 3870 896 3948 ἐρωτικὰ
921 3869 1044 3946 ποιήσας,

786 3967 836 4042 la
