<?xml version="1.0" encoding="UTF-8"?>
<!DOCTYPE html PUBLIC "-//W3C//DTD XHTML 1.0 Transitional//EN"
    "http://www.w3.org/TR/xhtml1/DTD/xhtml1-transitional.dtd">
<html xmlns="http://www.w3.org/1999/xhtml" xml:lang="en" lang="en">
 <head>
  <title>
</title>
<meta http-equiv="Content-Type" content="text/html;charset=utf-8" />
  <meta name='ocr-system' content='tesseract 3.04.00' />
  <meta name='ocr-capabilities' content='ocr_page ocr_carea ocr_par ocr_line ocrx_word'/>
</head>
<body>
  <div class='ocr_page' id='page_1' title='image "./carminumreliqui00anacgoog_0252.png"; bbox 0 0 2540 4412; ppageno 0'>
   <div class='ocr_carea' id='block_1_1' title="bbox 968 335 1053 415">
    <p class='ocr_par' dir='ltr' id='par_1_1' title="bbox 968 335 1053 415">
     <span class='ocr_line' id='line_1_1' title="bbox 968 335 1053 415; baseline 0.047 -3"><span class='ocrx_word' id='word_1_1' title='bbox 968 335 1053 415; x_wconf 77' lang='lat'><strong>255</strong></span> 
     </span>
    </p>
   </div>
   <div class='ocr_carea' id='block_1_2' title="bbox 102 515 1144 3470">
    <p class='ocr_par' dir='ltr' id='par_1_2' title="bbox 130 515 1105 2240">
     <span class='ocr_line' id='line_1_2' title="bbox 132 515 1054 603; baseline 0.016 -27"><span class='ocrx_word' id='word_1_2' title='bbox 132 516 320 593; x_wconf 81' lang='grc' dir='ltr'><strong><em>πεντηνίσιοι·</em></strong></span> <span class='ocrx_word' id='word_1_3' title='bbox 349 517 416 596; x_wconf 81' lang='grc' dir='ltr'><strong><em>μετά</em></strong></span> <span class='ocrx_word' id='word_1_4' title='bbox 441 520 470 578; x_wconf 79' lang='grc' dir='ltr'><strong>δι’</strong></span> <span class='ocrx_word' id='word_1_5' title='bbox 496 515 606 588; x_wconf 69' lang='lat' dir='ltr'><strong>sedeone</strong></span> <span class='ocrx_word' id='word_1_6' title='bbox 631 522 738 584; x_wconf 75' lang='grc' dir='ltr'><strong><em>ἵσταντο</em></strong></span> <span class='ocrx_word' id='word_1_7' title='bbox 765 531 926 603; x_wconf 73' lang='grc' dir='ltr'><strong><em>Κορινθίων</em></strong></span> <span class='ocrx_word' id='word_1_8' title='bbox 952 554 1054 590; x_wconf 82' lang='grc' dir='ltr'><strong><em>πεντα-</em></strong></span> 
     </span>
     <span class='ocr_line' id='line_1_3' title="bbox 134 618 1048 714; baseline 0.013 -34"><span class='ocrx_word' id='word_1_9' title='bbox 134 625 269 694; x_wconf 79' lang='grc' dir='ltr'><strong><em>κισχίλιοι.</em></strong></span> <span class='ocrx_word' id='word_1_10' title='bbox 312 618 368 678; x_wconf 85' lang='lat' dir='ltr'><strong>Sed</strong></span> <span class='ocrx_word' id='word_1_11' title='bbox 390 622 421 679; x_wconf 92' lang='lat' dir='ltr'><strong>in</strong></span> <span class='ocrx_word' id='word_1_12' title='bbox 442 641 539 702; x_wconf 76' lang='lat' dir='ltr'><strong>pugna</strong></span> <span class='ocrx_word' id='word_1_13' title='bbox 560 627 621 700; x_wconf 85' lang='lat' dir='ltr'><strong>ipsa</strong></span> <span class='ocrx_word' id='word_1_14' title='bbox 648 645 707 681; x_wconf 92' lang='lat' dir='ltr'><strong>non</strong></span> <span class='ocrx_word' id='word_1_15' title='bbox 736 625 904 714; x_wconf 84' lang='lat' dir='ltr'><strong>adfuerunt,</strong></span> <span class='ocrx_word' id='word_1_16' title='bbox 933 644 967 690; x_wconf 88' lang='lat' dir='ltr'><strong>ut</strong></span> <span class='ocrx_word' id='word_1_17' title='bbox 989 631 1048 691; x_wconf 85' lang='lat' dir='ltr'><strong>lle-</strong></span> 
     </span>
     <span class='ocr_line' id='line_1_4' title="bbox 133 722 1050 814; baseline 0.015 -33"><span class='ocrx_word' id='word_1_18' title='bbox 133 724 257 783; x_wconf 81' lang='lat' dir='ltr'><strong>rodotus</strong></span> <span class='ocrx_word' id='word_1_19' title='bbox 278 723 309 782; x_wconf 85' lang='lat' dir='ltr'><strong>L.</strong></span> <span class='ocrx_word' id='word_1_20' title='bbox 331 723 387 783; x_wconf 82' lang='lat' dir='ltr'><strong>lx.</strong></span> <span class='ocrx_word' id='word_1_21' title='bbox 414 745 439 782; x_wconf 86' lang='lat' dir='ltr'><strong>c.</strong></span> <span class='ocrx_word' id='word_1_22' title='bbox 462 725 511 783; x_wconf 79' lang='lat'><strong>69.</strong></span> <span class='ocrx_word' id='word_1_23' title='bbox 534 726 619 806; x_wconf 84' lang='lat' dir='ltr'><strong>dicit:</strong></span> <span class='ocrx_word' id='word_1_24' title='bbox 645 725 689 788; x_wconf 84' lang='grc' dir='ltr'><strong><em>Ἐν</em></strong></span> <span class='ocrx_word' id='word_1_25' title='bbox 709 730 738 788; x_wconf 78' lang='grc' dir='ltr'><strong>δέ</strong></span> <span class='ocrx_word' id='word_1_26' title='bbox 758 722 844 809; x_wconf 76' lang='grc' dir='ltr'><strong><em>τούτῳ</em></strong></span> <span class='ocrx_word' id='word_1_27' title='bbox 864 733 903 809; x_wconf 75' lang='grc' dir='ltr'><strong>τῷ</strong></span> <span class='ocrx_word' id='word_1_28' title='bbox 922 739 1050 814; x_wconf 75' lang='grc' dir='ltr'><strong>γινομένῳ</strong></span> 
     </span>
     <span class='ocr_line' id='line_1_5' title="bbox 134 823 1050 914; baseline 0.014 -29"><span class='ocrx_word' id='word_1_29' title='bbox 134 825 219 904; x_wconf 76' lang='grc' dir='ltr'><strong>φόβῳ</strong></span> <span class='ocrx_word' id='word_1_30' title='bbox 247 824 401 904; x_wconf 69' lang='grc' dir='ltr'><strong>ἀγγέλλεται</strong></span> <span class='ocrx_word' id='word_1_31' title='bbox 428 833 499 888; x_wconf 77' lang='grc' dir='ltr'><strong><em>τοῖσι</em></strong></span> <span class='ocrx_word' id='word_1_32' title='bbox 523 823 626 890; x_wconf 81' lang='grc' dir='ltr'><strong><em>άίίοισι</em></strong></span> <span class='ocrx_word' id='word_1_33' title='bbox 645 831 749 906; x_wconf 74' lang='grc' dir='ltr'><strong><em>Ἕλλησι</em></strong></span> <span class='ocrx_word' id='word_1_34' title='bbox 774 841 845 893; x_wconf 82' lang='grc' dir='ltr'><strong><em>τοῖσι</em></strong></span> <span class='ocrx_word' id='word_1_35' title='bbox 870 841 1050 914; x_wconf 76' lang='grc' dir='ltr'><em>τεταγμένοισι</em></span> 
     </span>
     <span class='ocr_line' id='line_1_6' title="bbox 133 929 1049 1018; baseline 0.014 -30"><span class='ocrx_word' id='word_1_36' title='bbox 133 931 199 1009; x_wconf 73' lang='grc' dir='ltr'><strong><em>περὶ</em></strong></span> <span class='ocrx_word' id='word_1_37' title='bbox 218 930 249 989; x_wconf 87' lang='grc' dir='ltr'><strong>τέ</strong></span> <span class='ocrx_word' id='word_1_38' title='bbox 268 929 382 1008; x_wconf 70' lang='grc' dir='ltr'><strong><em>ἸΙραῒον</em></strong></span> <span class='ocrx_word' id='word_1_39' title='bbox 403 931 449 990; x_wconf 73' lang='grc' dir='ltr'><strong>καί</strong></span> <span class='ocrx_word' id='word_1_40' title='bbox 471 929 689 1010; x_wconf 73' lang='grc' dir='ltr'><strong>ἀπογενομένοισι</strong></span> <span class='ocrx_word' id='word_1_41' title='bbox 708 935 754 1009; x_wconf 81' lang='grc' dir='ltr'><strong>τῆς</strong></span> <span class='ocrx_word' id='word_1_42' title='bbox 780 935 879 1014; x_wconf 68' lang='grc' dir='ltr'><strong><em>μάχηξ,</em></strong></span> <span class='ocrx_word' id='word_1_43' title='bbox 909 939 952 999; x_wconf 81' lang='grc' dir='ltr'><strong>ὅτι</strong></span> <span class='ocrx_word' id='word_1_44' title='bbox 977 941 1049 1018; x_wconf 70' lang='grc' dir='ltr'><strong><em>μάχη</em></strong></span> 
     </span>
     <span class='ocr_line' id='line_1_7' title="bbox 132 1032 1050 1112; baseline 0.013 -20"><span class='ocrx_word' id='word_1_45' title='bbox 132 1059 164 1094; x_wconf 83' lang='grc' dir='ltr'><strong>τι</strong></span> <span class='ocrx_word' id='word_1_46' title='bbox 183 1037 278 1112; x_wconf 84' lang='grc' dir='ltr'><strong><em>γέγονε</em></strong></span> <span class='ocrx_word' id='word_1_47' title='bbox 299 1035 346 1093; x_wconf 78' lang='grc' dir='ltr'><strong>καὶ</strong></span> <span class='ocrx_word' id='word_1_48' title='bbox 366 1032 457 1110; x_wconf 77' lang='grc' dir='ltr'><strong><em>νικηῗεν</em></strong></span> <span class='ocrx_word' id='word_1_49' title='bbox 478 1035 506 1092; x_wconf 81' lang='grc' dir='ltr'><strong>οἳ</strong></span> <span class='ocrx_word' id='word_1_50' title='bbox 524 1036 590 1111; x_wconf 85' lang='grc' dir='ltr'><strong><em>μετά</em></strong></span> <span class='ocrx_word' id='word_1_51' title='bbox 610 1044 785 1098; x_wconf 81' lang='grc' dir='ltr'><strong><em>Παυσανίεω·</em></strong></span> <span class='ocrx_word' id='word_1_52' title='bbox 815 1043 842 1100; x_wconf 77' lang='grc' dir='ltr'><strong>οἱ</strong></span> <span class='ocrx_word' id='word_1_53' title='bbox 864 1046 893 1102; x_wconf 74' lang='grc' dir='ltr'><strong>δέ</strong></span> <span class='ocrx_word' id='word_1_54' title='bbox 913 1039 1050 1104; x_wconf 79' lang='grc' dir='ltr'><strong><em>άκοάσαν-</em></strong></span> 
     </span>
     <span class='ocr_line' id='line_1_8' title="bbox 132 1133 1105 1229; baseline 0.014 -33"><span class='ocrx_word' id='word_1_55' title='bbox 132 1137 297 1206; x_wconf 67' lang='lat' dir='ltr'><strong>vortatita,</strong></span> <span class='ocrx_word' id='word_1_56' title='bbox 319 1133 415 1196; x_wconf 76' lang='grc' dir='ltr'><strong><em>οὐδένα</em></strong></span> <span class='ocrx_word' id='word_1_57' title='bbox 436 1136 537 1214; x_wconf 85' lang='grc' dir='ltr'><strong><em>κόσμον</em></strong></span> <span class='ocrx_word' id='word_1_58' title='bbox 556 1142 713 1212; x_wconf 74' lang='grc' dir='ltr'><strong><em>ταχθέντες,</em></strong></span> <span class='ocrx_word' id='word_1_59' title='bbox 742 1143 769 1201; x_wconf 81' lang='grc' dir='ltr'><strong>οἱ</strong></span> <span class='ocrx_word' id='word_1_60' title='bbox 781 1149 836 1222; x_wconf 85' lang='grc' dir='ltr'><strong><em>’μέν</em></strong></span> <span class='ocrx_word' id='word_1_61' title='bbox 856 1141 926 1222; x_wconf 76' lang='grc' dir='ltr'><strong>ἀμφὶ</strong></span> <span class='ocrx_word' id='word_1_62' title='bbox 947 1161 1050 1229; x_wconf 88' lang='grc' dir='ltr'><strong><em>Κοριν-</em></strong></span> <span class='ocrx_word' id='word_1_63' title='bbox 1103 1173 1105 1176; x_wconf 92' lang='grc'><strong><em>·</em></strong></span> 
     </span>
     <span class='ocr_line' id='line_1_9' title="bbox 134 1239 1051 1329; baseline 0.017 -31"><span class='ocrx_word' id='word_1_64' title='bbox 134 1243 222 1306; x_wconf 82' lang='grc' dir='ltr'><strong><em>θίους</em></strong></span> <span class='ocrx_word' id='word_1_65' title='bbox 242 1239 387 1318; x_wconf 72' lang='grc' dir='ltr'><strong><em>ἐτράποντο</em></strong></span> <span class='ocrx_word' id='word_1_66' title='bbox 409 1239 454 1299; x_wconf 78' lang='grc' dir='ltr'><strong>διά</strong></span> <span class='ocrx_word' id='word_1_67' title='bbox 479 1241 525 1314; x_wconf 75' lang='grc' dir='ltr'><strong>τῆς</strong></span> <span class='ocrx_word' id='word_1_68' title='bbox 550 1241 671 1321; x_wconf 75' lang='grc' dir='ltr'><strong><em>ὑπωρέης</em></strong></span> <span class='ocrx_word' id='word_1_69' title='bbox 698 1246 744 1304; x_wconf 81' lang='grc' dir='ltr'><strong>καὶ</strong></span> <span class='ocrx_word' id='word_1_70' title='bbox 772 1247 826 1305; x_wconf 82' lang='grc' dir='ltr'><strong><em>τάν</em></strong></span> <span class='ocrx_word' id='word_1_71' title='bbox 853 1253 977 1311; x_wconf 73' lang='grc' dir='ltr'><strong><em>κολωνῶν</em></strong></span> <span class='ocrx_word' id='word_1_72' title='bbox 1004 1254 1051 1329; x_wconf 81' lang='grc' dir='ltr'><strong><em>τήν</em></strong></span> 
     </span>
     <span class='ocr_line' id='line_1_10' title="bbox 135 1338 1049 1433; baseline 0.018 -34"><span class='ocrx_word' id='word_1_73' title='bbox 135 1345 274 1419; x_wconf 76' lang='grc' dir='ltr'><strong><em>φέρουσαν</em></strong></span> <span class='ocrx_word' id='word_1_74' title='bbox 302 1338 357 1402; x_wconf 82' lang='grc' dir='ltr'><strong><em>άνω</em></strong></span> <span class='ocrx_word' id='word_1_75' title='bbox 389 1343 441 1402; x_wconf 63' lang='lat' dir='ltr'><strong>isid</strong></span> <span class='ocrx_word' id='word_1_76' title='bbox 470 1343 520 1404; x_wconf 78' lang='lat' dir='ltr'><strong>tori</strong></span> <span class='ocrx_word' id='word_1_77' title='bbox 541 1347 602 1424; x_wconf 80' lang='grc' dir='ltr'><strong><em>ἱροῦ</em></strong></span> <span class='ocrx_word' id='word_1_78' title='bbox 626 1349 672 1420; x_wconf 80' lang='grc' dir='ltr'><strong>τῆς</strong></span> <span class='ocrx_word' id='word_1_79' title='bbox 692 1347 839 1428; x_wconf 72' lang='grc' dir='ltr'><strong><em>Δήμητρος.</em></strong></span> <span class='ocrx_word' id='word_1_80' title='bbox 890 1355 929 1410; x_wconf 85' lang='lat' dir='ltr'><strong>At</strong></span> <span class='ocrx_word' id='word_1_81' title='bbox 956 1362 1049 1433; x_wconf 84' lang='lat' dir='ltr'><strong>major</strong></span> 
     </span>
     <span class='ocr_line' id='line_1_11' title="bbox 134 1443 1050 1533; baseline 0.016 -31"><span class='ocrx_word' id='word_1_82' title='bbox 134 1444 209 1516; x_wconf 81' lang='lat' dir='ltr'><strong>fider¹</strong></span> <span class='ocrx_word' id='word_1_83' title='bbox 231 1443 379 1505; x_wconf 81' lang='lat' dir='ltr'><strong>Herodoto</strong></span> <span class='ocrx_word' id='word_1_84' title='bbox 400 1445 529 1505; x_wconf 88' lang='lat' dir='ltr'><strong>habenda</strong></span> <span class='ocrx_word' id='word_1_85' title='bbox 550 1460 610 1523; x_wconf 85' lang='lat' dir='ltr'><strong>est,</strong></span> <span class='ocrx_word' id='word_1_86' title='bbox 642 1469 726 1527; x_wconf 90' lang='lat' dir='ltr'><strong>quam</strong></span> <span class='ocrx_word' id='word_1_87' title='bbox 750 1452 910 1528; x_wconf 79' lang='lat' dir='ltr'><strong>Simonidi,</strong></span> <span class='ocrx_word' id='word_1_88' title='bbox 943 1461 991 1533; x_wconf 92' lang='lat' dir='ltr'><strong>qui</strong></span> <span class='ocrx_word' id='word_1_89' title='bbox 1020 1461 1050 1517; x_wconf 90' lang='lat' dir='ltr'><strong>in</strong></span> 
     </span>
     <span class='ocr_line' id='line_1_12' title="bbox 135 1547 1050 1636; baseline 0.014 -32"><span class='ocrx_word' id='word_1_90' title='bbox 135 1551 261 1628; x_wconf 78' lang='lat' dir='ltr'><strong>gratiam</strong></span> <span class='ocrx_word' id='word_1_91' title='bbox 291 1547 504 1607; x_wconf 86' lang='lat' dir='ltr'><strong>Corinthiorum</strong></span> <span class='ocrx_word' id='word_1_92' title='bbox 535 1568 593 1608; x_wconf 90' lang='lat' dir='ltr'><strong>rem</strong></span> <span class='ocrx_word' id='word_1_93' title='bbox 627 1571 706 1611; x_wconf 89' lang='lat' dir='ltr'><strong>secus</strong></span> <span class='ocrx_word' id='word_1_94' title='bbox 742 1565 828 1630; x_wconf 82' lang='lat' dir='ltr'><strong>atque</strong></span> <span class='ocrx_word' id='word_1_95' title='bbox 861 1566 942 1636; x_wconf 82' lang='lat' dir='ltr'><strong>gesta</strong></span> <span class='ocrx_word' id='word_1_96' title='bbox 978 1571 1050 1633; x_wconf 86' lang='lat' dir='ltr'><strong>erat,</strong></span> 
     </span>
     <span class='ocr_line' id='line_1_13' title="bbox 135 1651 1050 1736; baseline 0.014 -28"><span class='ocrx_word' id='word_1_97' title='bbox 135 1652 269 1708; x_wconf 84' lang='lat' dir='ltr'><strong>retulisse</strong></span> <span class='ocrx_word' id='word_1_98' title='bbox 290 1651 423 1711; x_wconf 84' lang='lat' dir='ltr'><strong>videtur:</strong></span> <span class='ocrx_word' id='word_1_99' title='bbox 455 1655 556 1726; x_wconf 74' lang='lat' dir='ltr'><strong>scripsi</strong></span> <span class='ocrx_word' id='word_1_100' title='bbox 577 1665 672 1713; x_wconf 83' lang='lat' dir='ltr'><strong>autem</strong></span> <span class='ocrx_word' id='word_1_101' title='bbox 693 1659 723 1713; x_wconf 88' lang='lat' dir='ltr'><strong>in</strong></span> <span class='ocrx_word' id='word_1_102' title='bbox 745 1676 829 1716; x_wconf 83' lang='lat' dir='ltr'><strong>versu</strong></span> <span class='ocrx_word' id='word_1_103' title='bbox 852 1673 970 1736; x_wconf 81' lang='lat' dir='ltr'><strong>quarto,</strong></span> <span class='ocrx_word' id='word_1_104' title='bbox 985 1665 1050 1722; x_wconf 85' lang='lat' dir='ltr'><strong>&#39;sed</strong></span> 
     </span>
     <span class='ocr_line' id='line_1_14' title="bbox 136 1751 1049 1845; baseline 0.018 -35"><span class='ocrx_word' id='word_1_105' title='bbox 136 1751 319 1826; x_wconf 77' lang='lat' dir='ltr'><strong>dubitanter,</strong></span> <span class='ocrx_word' id='word_1_106' title='bbox 340 1753 425 1815; x_wconf 77' lang='grc' dir='ltr'><strong><em>πόλον</em></strong></span> <span class='ocrx_word' id='word_1_107' title='bbox 439 1774 491 1831; x_wconf 92' lang='lat' dir='ltr'><strong>pro</strong></span> <span class='ocrx_word' id='word_1_108' title='bbox 505 1753 609 1814; x_wconf 77' lang='grc' dir='ltr'><strong><em>πένωντ</em></strong></span> <span class='ocrx_word' id='word_1_109' title='bbox 631 1769 717 1833; x_wconf 87' lang='lat' dir='ltr'><strong>atque</strong></span> <span class='ocrx_word' id='word_1_110' title='bbox 730 1771 812 1819; x_wconf 85' lang='lat' dir='ltr'><strong>sexto</strong></span> <span class='ocrx_word' id='word_1_111' title='bbox 834 1766 930 1820; x_wconf 81' lang='lat' dir='ltr'><strong>versui</strong></span> <span class='ocrx_word' id='word_1_112' title='bbox 945 1769 1049 1845; x_wconf 63' lang='lat' dir='ltr'><strong>¹statim</strong></span> 
     </span>
     <span class='ocr_line' id='line_1_15' title="bbox 135 1851 1048 1940; baseline 0.012 -24"><span class='ocrx_word' id='word_1_113' title='bbox 135 1857 224 1916; x_wconf 79' lang='lat' dir='ltr'><strong>alium</strong></span> <span class='ocrx_word' id='word_1_114' title='bbox 249 1856 461 1936; x_wconf 84' lang='lat' dir='ltr'><strong>adjungendum</strong></span> <span class='ocrx_word' id='word_1_115' title='bbox 481 1870 567 1932; x_wconf 90' lang='lat' dir='ltr'><strong>puto,</strong></span> <span class='ocrx_word' id='word_1_116' title='bbox 599 1863 648 1935; x_wconf 85' lang='lat' dir='ltr'><strong>qui</strong></span> <span class='ocrx_word' id='word_1_117' title='bbox 669 1863 776 1940; x_wconf 82' lang='lat' dir='ltr'><strong>iegitur</strong></span> <span class='ocrx_word' id='word_1_118' title='bbox 799 1864 874 1936; x_wconf 88' lang='lat' dir='ltr'><strong>apud</strong></span> <span class='ocrx_word' id='word_1_119' title='bbox 902 1851 1048 1929; x_wconf 82' lang='lat' dir='ltr'><strong>auctorem</strong></span> 
     </span>
     <span class='ocr_line' id='line_1_16' title="bbox 134 1955 1046 2038; baseline 0.019 -23"><span class='ocrx_word' id='word_1_120' title='bbox 134 1955 260 2036; x_wconf 75' lang='lat' dir='ltr'><strong>Etymol.</strong></span> <span class='ocrx_word' id='word_1_121' title='bbox 283 1957 322 2018; x_wconf 88' lang='grc' dir='ltr'><strong>Μ.</strong></span> <span class='ocrx_word' id='word_1_122' title='bbox 343 1977 370 2036; x_wconf 89' lang='lat' dir='ltr'><strong>p.</strong></span> <span class='ocrx_word' id='word_1_123' title='bbox 393 1962 464 2018; x_wconf 80' lang='lat'><strong>610.</strong></span> <span class='ocrx_word' id='word_1_124' title='bbox 487 1963 537 2018; x_wconf 77' lang='grc'><strong>47.</strong></span> <span class='ocrx_word' id='word_1_125' title='bbox 566 1972 595 2018; x_wconf 90' lang='lat' dir='ltr'><strong>et</strong></span> <span class='ocrx_word' id='word_1_126' title='bbox 616 1963 798 2038; x_wconf 92' lang='lat' dir='ltr'><strong>Apollonium</strong></span> <span class='ocrx_word' id='word_1_127' title='bbox 820 1963 888 2024; x_wconf 83' lang='lat' dir='ltr'><strong>Lex.</strong></span> <span class='ocrx_word' id='word_1_128' title='bbox 910 1967 996 2029; x_wconf 88' lang='lat' dir='ltr'><strong>Hom.</strong></span> <span class='ocrx_word' id='word_1_129' title='bbox 1018 1994 1046 2031; x_wconf 87' lang='lat' dir='ltr'><strong>r.</strong></span> 
     </span>
     <span class='ocr_line' id='line_1_17' title="bbox 130 2059 294 2129; baseline 0.012 -10"><span class='ocrx_word' id='word_1_130' title='bbox 130 2059 294 2129; x_wconf 77' lang='grc' dir='ltr'><strong><em>ξεινοδόκος·</em></strong></span> 
     </span>
     <span class='ocr_line' id='line_1_18' title="bbox 237 2157 1000 2240; baseline 0.02 -28"><span class='ocrx_word' id='word_1_131' title='bbox 237 2157 389 2212; x_wconf 73' lang='grc' dir='ltr'><strong><em>Ξεινσδόνων</em></strong></span> <span class='ocrx_word' id='word_1_132' title='bbox 405 2157 456 2232; x_wconf 80' lang='grc' dir='ltr'><strong>γάρ</strong></span> <span class='ocrx_word' id='word_1_133' title='bbox 474 2160 579 2232; x_wconf 78' lang='grc' dir='ltr'><strong><em>ἄριστος</em></strong></span> <span class='ocrx_word' id='word_1_134' title='bbox 597 2159 611 2214; x_wconf 85' lang='grc' dir='ltr'>ὅ</span> <span class='ocrx_word' id='word_1_135' title='bbox 626 2161 723 2233; x_wconf 80' lang='grc' dir='ltr'><strong><em>χρυσὸς</em></strong></span> <span class='ocrx_word' id='word_1_136' title='bbox 739 2167 765 2216; x_wconf 70' lang='grc' dir='ltr'><strong><em>ἓν</em></strong></span> <span class='ocrx_word' id='word_1_137' title='bbox 782 2169 872 2240; x_wconf 73' lang='grc' dir='ltr'><strong><em>αἰθέρι</em></strong></span> <span class='ocrx_word' id='word_1_138' title='bbox 887 2169 1000 2239; x_wconf 77' lang='grc' dir='ltr'><strong><em>λάμπων.</em></strong></span> 
     </span>
    </p>

    <p class='ocr_par' dir='ltr' id='par_1_3' title="bbox 102 2248 1144 3470">
     <span class='ocr_line' id='line_1_19' title="bbox 135 2248 1144 2342; baseline 0.018 -35"><span class='ocrx_word' id='word_1_139' title='bbox 135 2248 180 2307; x_wconf 85' lang='lat' dir='ltr'><strong>lta</strong></span> <span class='ocrx_word' id='word_1_140' title='bbox 210 2250 284 2304; x_wconf 89' lang='lat' dir='ltr'><strong>enim</strong></span> <span class='ocrx_word' id='word_1_141' title='bbox 312 2249 414 2306; x_wconf 82' lang='lat' dir='ltr'><strong>scribo.</strong></span> <span class='ocrx_word' id='word_1_142' title='bbox 462 2250 594 2310; x_wconf 84' lang='lat' dir='ltr'><strong>Ceterum</strong></span> <span class='ocrx_word' id='word_1_143' title='bbox 623 2254 699 2328; x_wconf 90' lang='lat' dir='ltr'><strong>quod</strong></span> <span class='ocrx_word' id='word_1_144' title='bbox 727 2276 764 2314; x_wconf 84' lang='lat' dir='ltr'><strong>ex</strong></span> <span class='ocrx_word' id='word_1_145' title='bbox 791 2256 946 2318; x_wconf 79' lang='lat' dir='ltr'><strong>Simonidis</strong></span> <span class='ocrx_word' id='word_1_146' title='bbox 969 2263 1048 2322; x_wconf 88' lang='lat' dir='ltr'><strong>Nau·</strong></span> <span class='ocrx_word' id='word_1_147' title='bbox 1142 2337 1144 2342; x_wconf 28' lang='grc' dir='ltr'>Ι</span> 
     </span>
     <span class='ocr_line' id='line_1_20' title="bbox 136 2349 1047 2428; baseline 0.02 -20"><span class='ocrx_word' id='word_1_148' title='bbox 136 2349 247 2408; x_wconf 81' lang='lat' dir='ltr'><strong>nraahiu</strong></span> <span class='ocrx_word' id='word_1_149' title='bbox 268 2351 350 2409; x_wconf 82' lang='lat' dir='ltr'><strong>effert</strong></span> <span class='ocrx_word' id='word_1_150' title='bbox 372 2349 533 2410; x_wconf 78' lang='lat' dir='ltr'><strong>Scholiasta</strong></span> <span class='ocrx_word' id='word_1_151' title='bbox 545 2354 689 2428; x_wconf 92' lang='lat' dir='ltr'><strong>Apollonii</strong></span> <span class='ocrx_word' id='word_1_152' title='bbox 708 2355 814 2416; x_wconf 88' lang='lat' dir='ltr'><strong>Rhodii</strong></span> <span class='ocrx_word' id='word_1_153' title='bbox 836 2361 867 2420; x_wconf 82' lang='lat' dir='ltr'><strong>L.</strong></span> <span class='ocrx_word' id='word_1_154' title='bbox 885 2361 904 2418; x_wconf 89' lang='grc' dir='ltr'><strong>Ι.</strong></span> <span class='ocrx_word' id='word_1_155' title='bbox 927 2386 954 2422; x_wconf 85' lang='grc' dir='ltr'><strong><em>ν.</em></strong></span> <span class='ocrx_word' id='word_1_156' title='bbox 968 2369 1047 2426; x_wconf 81' lang='lat'>211:</span> 
     </span>
     <span class='ocr_line' id='line_1_21' title="bbox 139 2449 1047 2546; baseline 0.02 -35"><span class='ocrx_word' id='word_1_157' title='bbox 139 2453 193 2527; x_wconf 69' lang='grc' dir='ltr'><strong><em>Τὴν</em></strong></span> <span class='ocrx_word' id='word_1_158' title='bbox 213 2455 242 2512; x_wconf 79' lang='grc' dir='ltr'><strong>δέ</strong></span> <span class='ocrx_word' id='word_1_159' title='bbox 260 2449 419 2531; x_wconf 72' lang='grc' dir='ltr'><strong><em>Ὠρείθυιαν</em></strong></span> <span class='ocrx_word' id='word_1_160' title='bbox 439 2458 587 2531; x_wconf 76' lang='grc' dir='ltr'><strong><em>Σιμωνίέης</em></strong></span> <span class='ocrx_word' id='word_1_161' title='bbox 608 2453 662 2515; x_wconf 79' lang='grc' dir='ltr'><strong>άπὸ</strong></span> <span class='ocrx_word' id='word_1_162' title='bbox 684 2462 823 2539; x_wconf 84' lang='grc' dir='ltr'><strong><em>Βριίησσῦ</em></strong></span> <span class='ocrx_word' id='word_1_163' title='bbox 849 2467 932 2540; x_wconf 78' lang='grc' dir='ltr'><strong><em>φησὶν</em></strong></span> <span class='ocrx_word' id='word_1_164' title='bbox 957 2466 1047 2546; x_wconf 81' lang='grc' dir='ltr'><strong><em>άρπα·</em></strong></span> 
     </span>
     <span class='ocr_line' id='line_1_22' title="bbox 102 2557 1050 2648; baseline 0.019 -35"><span class='ocrx_word' id='word_1_165' title='bbox 102 2568 114 2582; x_wconf 70' lang='grc'><strong>“</strong></span> <span class='ocrx_word' id='word_1_166' title='bbox 134 2561 229 2634; x_wconf 80' lang='grc' dir='ltr'><strong><em>γεῖσαν</em></strong></span> <span class='ocrx_word' id='word_1_167' title='bbox 254 2558 299 2616; x_wconf 77' lang='lat' dir='ltr'><strong>tat</strong></span> <span class='ocrx_word' id='word_1_168' title='bbox 325 2557 373 2630; x_wconf 80' lang='grc' dir='ltr'><strong><em>τὴν</em></strong></span> <span class='ocrx_word' id='word_1_169' title='bbox 392 2561 581 2635; x_wconf 79' lang='grc' dir='ltr'><strong><em>Σαρπηδονίαν</em></strong></span> <span class='ocrx_word' id='word_1_170' title='bbox 608 2562 707 2640; x_wconf 84' lang='grc' dir='ltr'><strong><em>πέτραν</em></strong></span> <span class='ocrx_word' id='word_1_171' title='bbox 731 2564 780 2637; x_wconf 79' lang='grc' dir='ltr'><strong>τῆς</strong></span> <span class='ocrx_word' id='word_1_172' title='bbox 802 2565 908 2646; x_wconf 79' lang='grc' dir='ltr'><strong><em>Θρᾴκης</em></strong></span> <span class='ocrx_word' id='word_1_173' title='bbox 933 2575 1050 2648; x_wconf 72' lang='grc' dir='ltr'><strong><em>ἐνεχθῆ-</em></strong></span> 
     </span>
     <span class='ocr_line' id='line_1_23' title="bbox 135 2656 1049 2752; baseline 0.021 -35"><span class='ocrx_word' id='word_1_174' title='bbox 135 2681 196 2717; x_wconf 80' lang='grc' dir='ltr'><strong><em>ναι.</em></strong></span> <span class='ocrx_word' id='word_1_175' title='bbox 218 2693 260 2706; x_wconf 92' lang='lat'><em>-</em></span> <span class='ocrx_word' id='word_1_176' title='bbox 281 2656 298 2734; x_wconf 79' lang='grc' dir='ltr'><strong><em>ἦ</em></strong></span> <span class='ocrx_word' id='word_1_177' title='bbox 319 2661 348 2722; x_wconf 75' lang='grc' dir='ltr'><strong>δὲ</strong></span> <span class='ocrx_word' id='word_1_178' title='bbox 359 2657 501 2740; x_wconf 74' lang='grc' dir='ltr'><strong><em>Ὠρείθυια</em></strong></span> <span class='ocrx_word' id='word_1_179' title='bbox 514 2659 661 2750; x_wconf 73' lang='grc' dir='ltr'><strong><em>Ἐρεχθέως</em></strong></span> <span class='ocrx_word' id='word_1_180' title='bbox 681 2665 824 2748; x_wconf 76' lang='grc' dir='ltr'><strong>θυγάτηρ,</strong></span> <span class='ocrx_word' id='word_1_181' title='bbox 844 2671 877 2745; x_wconf 75' lang='grc' dir='ltr'><strong><em>ἢν</em></strong></span> <span class='ocrx_word' id='word_1_182' title='bbox 897 2671 1049 2752; x_wconf 76' lang='grc' dir='ltr'><strong><em>έξἈττιιιῆς</em></strong></span> 
     </span>
     <span class='ocr_line' id='line_1_24' title="bbox 135 2755 1049 2846; baseline 0.024 -29"><span class='ocrx_word' id='word_1_183' title='bbox 135 2755 259 2838; x_wconf 77' lang='grc' dir='ltr'><strong><em>ἁρπάσας</em></strong></span> <span class='ocrx_word' id='word_1_184' title='bbox 272 2757 295 2844; x_wconf 38' lang='grc' dir='ltr'><strong>,ὁ</strong></span> <span class='ocrx_word' id='word_1_185' title='bbox 317 2767 422 2842; x_wconf 84' lang='grc' dir='ltr'><strong><em>Βορέας</em></strong></span> <span class='ocrx_word' id='word_1_186' title='bbox 442 2759 543 2844; x_wconf 73' lang='grc' dir='ltr'><strong><em>ἢγαγεν</em></strong></span> <span class='ocrx_word' id='word_1_187' title='bbox 571 2766 609 2834; x_wconf 79' lang='grc' dir='ltr'><strong>εἷς</strong></span> <span class='ocrx_word' id='word_1_188' title='bbox 632 2767 753 2846; x_wconf 79' lang='grc' dir='ltr'><strong><em>θρᾴκην·</em></strong></span> <span class='ocrx_word' id='word_1_189' title='bbox 782 2769 887 2834; x_wconf 68' lang='lat' dir='ltr'><strong>adorior</strong></span> <span class='ocrx_word' id='word_1_190' title='bbox 908 2779 1049 2838; x_wconf 81' lang='grc' dir='ltr'><strong><em>συνείθιέν</em></strong></span> 
     </span>
     <span class='ocr_line' id='line_1_25' title="bbox 135 2861 1046 2960; baseline 0.019 -36"><span class='ocrx_word' id='word_1_191' title='bbox 135 2861 204 2924; x_wconf 71' lang='grc' dir='ltr'><strong><em>ἔτεκε</em></strong></span> <span class='ocrx_word' id='word_1_192' title='bbox 228 2861 312 2937; x_wconf 71' lang='grc' dir='ltr'><strong><em>Ζήτην</em></strong></span> <span class='ocrx_word' id='word_1_193' title='bbox 338 2869 384 2926; x_wconf 78' lang='grc' dir='ltr'><strong>καὶ</strong></span> <span class='ocrx_word' id='word_1_194' title='bbox 405 2866 527 2938; x_wconf 77' lang='grc' dir='ltr'><strong><em>Κάλαϊν,</em></strong></span> <span class='ocrx_word' id='word_1_195' title='bbox 561 2865 597 2936; x_wconf 75' lang='grc' dir='ltr'><strong>ὥς</strong></span> <span class='ocrx_word' id='word_1_196' title='bbox 616 2874 765 2946; x_wconf 76' lang='grc' dir='ltr'><strong><em>Σιμωνίδης</em></strong></span> <span class='ocrx_word' id='word_1_197' title='bbox 790 2879 819 2934; x_wconf 83' lang='grc' dir='ltr'><strong><em>ίν</em></strong></span> <span class='ocrx_word' id='word_1_198' title='bbox 843 2877 877 2958; x_wconf 78' lang='grc' dir='ltr'><strong>τῇ</strong></span> <span class='ocrx_word' id='word_1_199' title='bbox 902 2886 1046 2960; x_wconf 75' lang='grc' dir='ltr'><strong><em>ναυμαχίη.</em></strong></span> 
     </span>
     <span class='ocr_line' id='line_1_26' title="bbox 133 2965 1047 3060; baseline 0.025 -38"><span class='ocrx_word' id='word_1_200' title='bbox 133 2965 181 3039; x_wconf 86' lang='lat' dir='ltr'><strong>ld,</strong></span> <span class='ocrx_word' id='word_1_201' title='bbox 209 2967 341 3042; x_wconf 83' lang='lat' dir='ltr'><strong>inquam,</strong></span> <span class='ocrx_word' id='word_1_202' title='bbox 371 2967 407 3026; x_wconf 81' lang='lat' dir='ltr'><strong>ad</strong></span> <span class='ocrx_word' id='word_1_203' title='bbox 435 2989 549 3030; x_wconf 80' lang='lat' dir='ltr'><strong>carmen</strong></span> <span class='ocrx_word' id='word_1_204' title='bbox 577 2972 652 3047; x_wconf 82' lang='lat' dir='ltr'><strong>quod</strong></span> <span class='ocrx_word' id='word_1_205' title='bbox 674 2970 721 3032; x_wconf 74' lang='grc' dir='ltr'><strong>ἐπ’</strong></span> <span class='ocrx_word' id='word_1_206' title='bbox 738 2971 889 3058; x_wconf 77' lang='grc' dir='ltr'><strong><em>Ἀρτεμισίιρ</em></strong></span> <span class='ocrx_word' id='word_1_207' title='bbox 911 2965 1047 3060; x_wconf 79' lang='grc' dir='ltr'><strong><em>ναυμαχία</em></strong></span> 
     </span>
     <span class='ocr_line' id='line_1_27' title="bbox 131 3051 1046 3164; baseline 0.025 -39"><span class='ocrx_word' id='word_1_208' title='bbox 131 3051 300 3146; x_wconf 81' lang='lat' dir='ltr'><strong>inscriptum</strong></span> <span class='ocrx_word' id='word_1_209' title='bbox 313 3069 401 3144; x_wconf 87' lang='lat' dir='ltr'><strong>-luit,</strong></span> <span class='ocrx_word' id='word_1_210' title='bbox 431 3073 611 3132; x_wconf 85' lang='lat' dir='ltr'><strong>referendum</strong></span> <span class='ocrx_word' id='word_1_211' title='bbox 633 3093 742 3137; x_wconf 79' lang='lat' dir='ltr'><strong>censeo.</strong></span> <span class='ocrx_word' id='word_1_212' title='bbox 796 3081 946 3164; x_wconf 86' lang='lat' dir='ltr'><strong>Orithyiae</strong></span> <span class='ocrx_word' id='word_1_213' title='bbox 970 3093 1046 3149; x_wconf 91' lang='lat' dir='ltr'><strong>enim</strong></span> 
     </span>
     <span class='ocr_line' id='line_1_28' title="bbox 133 3175 1046 3263; baseline 0.023 -35"><span class='ocrx_word' id='word_1_214' title='bbox 133 3181 230 3246; x_wconf 82' lang='lat' dir='ltr'><strong>raptae</strong></span> <span class='ocrx_word' id='word_1_215' title='bbox 252 3191 286 3228; x_wconf 81' lang='lat' dir='ltr'><strong>eo</strong></span> <span class='ocrx_word' id='word_1_216' title='bbox 309 3175 371 3232; x_wconf 85' lang='lat' dir='ltr'><strong>loco</strong></span> <span class='ocrx_word' id='word_1_217' title='bbox 393 3175 565 3232; x_wconf 77' lang='lat' dir='ltr'><strong>nientionem</strong></span> <span class='ocrx_word' id='word_1_218' title='bbox 593 3175 693 3234; x_wconf 81' lang='lat' dir='ltr'><strong>fecisse</strong></span> <span class='ocrx_word' id='word_1_219' title='bbox 722 3183 852 3260; x_wconf 71' lang='lat' dir='ltr'><strong>ridetur,</strong></span> <span class='ocrx_word' id='word_1_220' title='bbox 883 3206 939 3263; x_wconf 88' lang='lat' dir='ltr'><strong>quo</strong></span> <span class='ocrx_word' id='word_1_221' title='bbox 967 3210 1046 3249; x_wconf 88' lang='lat' dir='ltr'><strong>oom-</strong></span> 
     </span>
     <span class='ocr_line' id='line_1_29' title="bbox 134 3275 1044 3368; baseline 0.026 -41"><span class='ocrx_word' id='word_1_222' title='bbox 134 3285 339 3336; x_wconf 81' lang='lat' dir='ltr'><strong>memoraverat</strong></span> <span class='ocrx_word' id='word_1_223' title='bbox 368 3275 468 3336; x_wconf 72' lang='lat' dir='ltr'><strong>Persae</strong></span> <span class='ocrx_word' id='word_1_224' title='bbox 504 3279 676 3358; x_wconf 72' lang='lat' dir='ltr'><strong>priusquam</strong></span> <span class='ocrx_word' id='word_1_225' title='bbox 702 3283 738 3342; x_wconf 88' lang='lat' dir='ltr'><strong>ad</strong></span> <span class='ocrx_word' id='word_1_226' title='bbox 768 3286 952 3348; x_wconf 86' lang='lat' dir='ltr'><strong>Artemisium</strong></span> <span class='ocrx_word' id='word_1_227' title='bbox 981 3311 1044 3368; x_wconf 90' lang='lat' dir='ltr'><strong>per-</strong></span> 
     </span>
     <span class='ocr_line' id='line_1_30' title="bbox 134 3377 1045 3470; baseline 0.022 -36"><span class='ocrx_word' id='word_1_228' title='bbox 134 3377 280 3450; x_wconf 84' lang='lat' dir='ltr'><strong>venirent,</strong></span> <span class='ocrx_word' id='word_1_229' title='bbox 302 3381 454 3462; x_wconf 82' lang='lat' dir='ltr'><strong>naufragio</strong></span> <span class='ocrx_word' id='word_1_230' title='bbox 476 3385 581 3440; x_wconf 85' lang='lat' dir='ltr'><strong>multas</strong></span> <span class='ocrx_word' id='word_1_231' title='bbox 604 3403 692 3443; x_wconf 78' lang='lat' dir='ltr'><strong>naver</strong></span> <span class='ocrx_word' id='word_1_232' title='bbox 709 3389 882 3463; x_wconf 74' lang='lat' dir='ltr'><strong>perdidisse,</strong></span> <span class='ocrx_word' id='word_1_233' title='bbox 904 3393 1045 3470; x_wconf 81' lang='lat' dir='ltr'><strong>Aquilone</strong></span> 
     </span>
    </p>
   </div>
   <div class='ocr_carea' id='block_1_3' title="bbox 135 3478 1045 3570">
    <p class='ocr_par' dir='ltr' id='par_1_4' title="bbox 135 3478 1045 3570">
     <span class='ocr_line' id='line_1_31' title="bbox 135 3478 1045 3570; baseline 0.025 -36"><span class='ocrx_word' id='word_1_234' title='bbox 135 3478 363 3563; x_wconf 80' lang='lat' dir='ltr'><strong>ingravescente,</strong></span> <span class='ocrx_word' id='word_1_235' title='bbox 398 3489 481 3561; x_wconf 84' lang='lat' dir='ltr'><strong>eujus</strong></span> <span class='ocrx_word' id='word_1_236' title='bbox 515 3508 598 3566; x_wconf 86' lang='lat' dir='ltr'><strong>opem</strong></span> <span class='ocrx_word' id='word_1_237' title='bbox 626 3490 815 3552; x_wconf 84' lang='lat' dir='ltr'><strong>Athenienses</strong></span> <span class='ocrx_word' id='word_1_238' title='bbox 847 3494 1045 3570; x_wconf 82' lang='lat' dir='ltr'><strong>imploravisse</strong></span> 
     </span>
    </p>
   </div>
   <div class='ocr_carea' id='block_1_4' title="bbox 134 3577 1197 3780">
    <p class='ocr_par' dir='ltr' id='par_1_5' title="bbox 134 3577 1197 3780">
     <span class='ocr_line' id='line_1_32' title="bbox 134 3577 1146 3668; baseline 0.03 -33"><span class='ocrx_word' id='word_1_239' title='bbox 134 3578 306 3640; x_wconf 78' lang='lat' dir='ltr'><strong>ferebantur.</strong></span> <span class='ocrx_word' id='word_1_240' title='bbox 347 3577 517 3667; x_wconf 82' lang='lat' dir='ltr'><strong>Compares,</strong></span> <span class='ocrx_word' id='word_1_241' title='bbox 539 3610 611 3668; x_wconf 89' lang='lat' dir='ltr'><strong>qnae</strong></span> <span class='ocrx_word' id='word_1_242' title='bbox 626 3593 790 3654; x_wconf 88' lang='lat' dir='ltr'><strong>Herodotus</strong></span> <span class='ocrx_word' id='word_1_243' title='bbox 803 3594 834 3652; x_wconf 87' lang='lat' dir='ltr'><strong>L.</strong></span> <span class='ocrx_word' id='word_1_244' title='bbox 847 3596 908 3654; x_wconf 89' lang='lat' dir='ltr'><strong>Vll.</strong></span> <span class='ocrx_word' id='word_1_245' title='bbox 931 3621 954 3657; x_wconf 91' lang='lat' dir='ltr'><strong>o.</strong></span> <span class='ocrx_word' id='word_1_246' title='bbox 975 3603 1043 3661; x_wconf 81' lang='lat'>189.</span> <span class='ocrx_word' id='word_1_247' title='bbox 1142 3607 1146 3611; x_wconf 83' lang='grc'><strong><em>’</em></strong></span> 
     </span>
     <span class='ocr_line' id='line_1_33' title="bbox 135 3691 1197 3780; baseline 0.031 -46"><span class='ocrx_word' id='word_1_248' title='bbox 135 3692 162 3737; x_wconf 87' lang='lat' dir='ltr'><strong>et</strong></span> <span class='ocrx_word' id='word_1_249' title='bbox 174 3701 250 3757; x_wconf 79' lang='lat' dir='ltr'><strong>seqq.</strong></span> <span class='ocrx_word' id='word_1_250' title='bbox 264 3698 370 3744; x_wconf 87' lang='lat' dir='ltr'><strong>narrat.</strong></span> <span class='ocrx_word' id='word_1_251' title='bbox 392 3723 434 3734; x_wconf 86' lang='grc'>-</span> <span class='ocrx_word' id='word_1_252' title='bbox 476 3691 542 3753; x_wconf 90' lang='lat' dir='ltr'><strong>Non</strong></span> <span class='ocrx_word' id='word_1_253' title='bbox 559 3699 768 3755; x_wconf 76' lang='lat' dir='ltr'><strong>minorantem</strong></span> <span class='ocrx_word' id='word_1_254' title='bbox 789 3696 863 3756; x_wconf 80' lang='lat' dir='ltr'><strong>salsa</strong></span> <span class='ocrx_word' id='word_1_255' title='bbox 884 3714 951 3759; x_wconf 84' lang='lat' dir='ltr'><strong>sunt</strong></span> <span class='ocrx_word' id='word_1_256' title='bbox 973 3723 1044 3780; x_wconf 69' lang='lat' dir='ltr'><strong>quiae</strong></span> <span class='ocrx_word' id='word_1_257' title='bbox 1151 3729 1154 3734; x_wconf 88' lang='lat'>·</span> <span class='ocrx_word' id='word_1_258' title='bbox 1194 3703 1197 3718; x_wconf 84' lang='lat'>&#39;</span> 
     </span>
    </p>
   </div>
   <div class='ocr_carea' id='block_1_5' title="bbox 135 3783 1045 3950">
    <p class='ocr_par' dir='ltr' id='par_1_6' title="bbox 135 3783 1045 3950">
     <span class='ocr_line' id='line_1_34' title="bbox 135 3783 1045 3866; baseline 0.03 -26"><span class='ocrx_word' id='word_1_259' title='bbox 135 3783 167 3840; x_wconf 87' lang='lat' dir='ltr'><strong>de</strong></span> <span class='ocrx_word' id='word_1_260' title='bbox 187 3783 333 3846; x_wconf 76' lang='lat' dir='ltr'><strong>Alouanis</strong></span> <span class='ocrx_word' id='word_1_261' title='bbox 354 3794 481 3855; x_wconf 80' lang='lat' dir='ltr'><strong>versibus</strong></span> <span class='ocrx_word' id='word_1_262' title='bbox 503 3797 618 3856; x_wconf 81' lang='lat' dir='ltr'><strong>disserit</strong></span> <span class='ocrx_word' id='word_1_263' title='bbox 638 3797 827 3860; x_wconf 82' lang='lat' dir='ltr'><strong>Heliodorus:</strong></span> <span class='ocrx_word' id='word_1_264' title='bbox 858 3803 908 3860; x_wconf 83' lang='lat' dir='ltr'><strong>sed</strong></span> <span class='ocrx_word' id='word_1_265' title='bbox 938 3804 973 3862; x_wconf 83' lang='lat' dir='ltr'><strong>de</strong></span> <span class='ocrx_word' id='word_1_266' title='bbox 1000 3805 1045 3866; x_wconf 81' lang='lat' dir='ltr'><strong>hir</strong></span> 
     </span>
     <span class='ocr_line' id='line_1_35' title="bbox 136 3886 328 3950; baseline 0.026 -6"><span class='ocrx_word' id='word_1_267' title='bbox 136 3886 201 3948; x_wconf 82' lang='lat' dir='ltr'><strong>olibi</strong></span> <span class='ocrx_word' id='word_1_268' title='bbox 222 3886 328 3950; x_wconf 73' lang='lat' dir='ltr'><strong>droam</strong></span> 
     </span>
    </p>
   </div>
   <div class='ocr_carea' id='block_1_6' title="bbox 0 0 1274 4412">
    <p class='ocr_par' dir='ltr' id='par_1_7' title="bbox 0 0 1274 4412">
     <span class='ocr_line' id='line_1_36' title="bbox 0 0 1274 4412; baseline 0 0"><span class='ocrx_word' id='word_1_269' title='bbox 0 0 1274 4412; x_wconf 95' lang='lat' dir='ltr'><strong> </strong></span> 
     </span>
    </p>
   </div>
  </div>
 </body>
</html>
