2544 4406
1029 301 1054 384 9

141 512 244 568 ιίιιιιιια
266 508 424 568 carminum
446 523 537 586 genna
559 507 685 564 excoluit
714 513 743 560 ct
772 503 913 581 insignem
943 503 1054 562 laudern

142 613 198 670 eibi
225 610 352 688 peperit:
383 621 412 668 et
440 606 603 690 Simonideq
631 609 686 698 etsi
715 605 793 665 aliud
824 605 908 680 quid,
940 607 970 664 in
1001 629 1056 684 quo

143 716 296 788 emineret,
333 731 444 772 nummo
479 712 576 771 studio
615 693 734 786 petivit,
780 709 857 766 inter
891 707 943 766 hoe
981 712 1057 788 ipsos
1128 745 1131 760 ι

142 829 258 893 poetae,
300 819 332 875 in
366 834 489 894 quorum
525 814 767 890 comparationem
805 812 968 886 contendit,
1015 817 1058 873 lo-

141 939 206 978 cum
243 919 298 978 eibi
334 921 465 996 aperuit:
514 929 634 994 uterque
669 927 764 975 autem
801 914 992 974 Anacreontis
1031 930 1060 977 et

140 1023 269 1098 aequalia
299 1033 327 1081 et
358 1031 391 1079 ut
419 1020 534 1080 ridetur
561 1021 688 1078 aemulus
715 1017 782 1076 fuit.
842 1014 940 1075 Nihilo
968 1022 1060 1080 secius
1090 1055 1091 1058 ι

141 1125 191 1182 ille
212 1141 388 1183 sumptorum
408 1133 559 1201 poetarum
580 1123 611 1180 in
640 1121 740 1180 eodem
767 1120 862 1178 studio
891 1123 1059 1184 enitentium

95 1224 97 1233 '
142 1227 235 1308 gloria
254 1226 409 1286 deterritus
431 1235 489 1298 cet,
520 1227 672 1302 quominus
693 1225 842 1283 materiam
864 1224 899 1282 ab
922 1225 979 1284 illis
999 1231 1059 1304 jam

144 1340 312 1404 occupatam
340 1339 495 1402 tractaret,
529 1327 580 1386 ced
607 1331 668 1386 acri
695 1328 885 1388 aemulatione
922 1327 959 1385 nd
993 1349 1061 1388 con-

144 1430 303 1505 sequendos
323 1433 433 1506 priores
460 1447 596 1488 accensus
623 1443 686 1491 eet:
713 1443 742 1490 et
773 1449 846 1508 quae
868 1448 978 1489 cumma
1000 1446 1061 1492 erat

145 1531 177 1588 in
198 1549 232 1588 eo
253 1532 362 1612 ingenii
383 1533 516 1606 ubertas,
538 1551 614 1590 novo
635 1533 774 1608 quaedam
796 1534 972 1589 incrementa
993 1554 1063 1592 con-

146 1634 284 1709 quisivit,
321 1652 394 1709 quoa
421 1635 609 1692 substitueret
636 1635 690 1708 iia,
728 1651 802 1710 quae
824 1633 859 1690 ab
889 1635 953 1690 aliie
982 1649 1064 1696 erant
1102 1713 1103 1720 ἵ

145 1739 205 1812 jam
219 1747 386 1812 consumto,
409 1749 547 1812 tantoque
565 1734 704 1795 felicitate
726 1754 794 1792 ιιιιιι
816 1746 874 1807 est,
888 1728 930 1795 'ut
953 1741 1063 1812 priores

146 1838 303 1898 anamodo
320 1840 568 1919 aequiparatione,
591 1838 641 1895 ced
659 1839 745 1896 ctiam
763 1840 867 1897 vicisse
879 1831 1020 1898 videatur.

210 1935 338 2000 Tantum
359 1953 455 2000 autem
477 1941 574 2013 abest,
597 1953 631 1999 ut
651 1939 810 1998 cinriiitudo
828 1943 885 1999 ista
903 1949 1064 2022 argumenti

145 2045 198 2118 iia,
231 2047 282 2122 qui
302 2047 401 2125 legant
422 2046 544 2102 molesta
570 2045 608 2100 eit
636 2053 687 2102 aut
715 2045 847 2122 ingrata,
874 2055 907 2102 ut
936 2049 1064 2106 omnium

146 2147 257 2206 animoa
278 2147 486 2206 incredibiliter
508 2147 631 2204 oblectet
653 2139 740 2222 atque
757 2146 904 2216 deleniat:
927 2150 969 2206 ita
989 2153 1065 2210 enim

146 2261 232 2328 poeta
258 2251 484 2328 sapientissimus
515 2251 658 2321 instituit,
698 2261 731 2309 ut
758 2251 790 2306 in
819 2269 929 2308 sunmra
960 2257 1065 2312 earmi-

147 2372 215 2411 num
229 2353 419 2410 similitudine
440 2363 527 2426 atque
549 2352 753 2427 aequabilitate
775 2361 874 2413 tamen
899 2357 1067 2430 varietatem

147 2455 291 2532 quandam
304 2466 333 2512 et
344 2454 573 2512 vicissitudinem
586 2455 821 2514 conservaverit,
851 2451 975 2533 Scripsit
989 2463 1066 2520 enim

148 2560 237 2616 etiam
251 2559 378 2616 carmina
391 2556 570 2616 inhonorem
583 2556 715 2630 deorum,
738 2567 772 2614 ut
789 2558 934 2637 significat
947 2561 1067 2623 Menan-

149 2659 200 2720 der
216 2659 251 2719 de
271 2679 379 2718 ennom.
395 2657 416 2717 l.
428 2662 457 2716 2.
476 2661 507 2718 in
520 2660 584 2720 illd.
598 2657 717 2718 Rhetor.
731 2679 759 2734 p.
775 2659 852 2720 596:
875 2666 1007 2736 Κλητικοὶ
1020 2671 1069 2744 μὲν

148 2753 197 2824 οὖν
220 2759 340 2846 (ὕμνοι),
361 2760 461 2822 ὁπόσοι
482 2763 549 2822 εἰσὶν
569 2765 597 2824 οἱ
617 2764 713 2824 πολλοὶ
733 2761 788 2821 τῶν
808 2786 836 2822 τε
856 2767 934 2843 παρὰ
952 2777 1069 2845 Σαπφοῖ

147 2865 344 2947 ἢἈνακρὲοντι
364 2866 382 2942 ἢ
402 2874 459 2935 τοῖς
480 2863 569 2936 ἄλλοις
589 2871 705 2944 μελικοῖς
727 2865 819 2938 κλῆσιν
839 2867 942 2938 ἔχοντες
963 2873 1069 2934 πολλῶν

119 2982 121 2986 ’
148 2972 234 3032 θεῶν.
257 2971 322 3031 ,Et
350 2991 463 3028 narnien
491 2969 512 3028 l.
535 2973 566 3028 in
588 2969 724 3027 bonorem
746 2965 858 3025 Dianae
879 2977 1069 3048 compositum

149 3087 209 3148 eat,
231 3077 357 3134 carmine
379 3086 476 3131 autem
493 3072 527 3130 ll.
541 3070 684 3129 Bacchum
707 3071 858 3146 implorat,
882 3085 915 3132 ut
928 3077 983 3136 sibi
1002 3099 1069 3155 pro-

147 3179 238 3254 ‘pitina
259 3193 342 3254 opem
363 3175 448 3233 ierat.
493 3173 593 3252 Neque
614 3192 684 3231 vero
711 3173 881 3233 adversatur
908 3175 975 3237 huic
1004 3201 1070 3239 son.
1163 3178 1170 3194 ‘

149 3281 257 3340 tentiae
278 3281 323 3354 id,
348 3279 424 3356 qu'od
446 3280 539 3355 ipsum
556 3278 764 3336 Anacreontem
785 3279 940 3354 aliqnando
963 3281 1070 3349 dixisse

148 3382 238 3442 refert
259 3380 423 3440 Sebollartn
444 3380 563 3440 Pindari
585 3379 681 3439 letbm.
704 3378 739 3438 ll.
767 3401 795 3440 v.
820 3383 853 3438 1:
879 3381 937 3442 “Oa
958 3387 987 3445 δὲ
1008 3389 1072 3478 περὶ

150 3487 278 3548 παιδικοῦ
315 3487 414 3564 ἔρωτος
453 3475 487 3559 ἦν
528 3491 585 3552 τοῖς
619 3489 736 3562 inpiatis·
773 3483 790 3558 ἦ
826 3485 878 3544 τῶν
915 3489 1071 3567 ποιημάτων

152 3589 271 3664 σπουδή,
301 3588 423 3666 δημώδης
445 3587 460 3648 ὅ
483 3588 577 3666 λόγος·
605 3586 693 3646 carim
714 3589 743 3646 δὲ
763 3592 841 3648 τείνει
866 3591 914 3650 καὶ
945 3593 981 3662 εἷς
1008 3593 1072 3662 τούς

151 3691 343 3772 περὶ’4λκαῒον
364 3695 410 3752 καλ
424 3687 536 3770 Ἴβυκον
557 3693 604 3750 καὶ
622 3688 797 3771 Ἀνακρέοντα
818 3693 866 3751 καὶ
885 3688 914 3752 ἐἴ
931 3719 997 3765 τινες
1018 3697 1072 3757 τῶν

152 3797 206 3878 πρὸ
238 3793 322 3855 abaci
352 3798 462 3857 δοκοῦσι
490 3795 552 3874 περὶ
577 3797 612 3869 τὰ
637 3797 750 3856 παιδικὰ
778 3793 965 3872 riolci-tirrici·
997 3789 1073 3862 οὗτοι

153 3901 209 3982 γὰρ
231 3897 403 3980 παλαιότεροι
424 3898 572 3979 Πινῠιὶρον.
613 3897 785 3980 Ἀνακρέοντα
806 3899 875 3976 γοῦν
901 3907 1073 3981 ἐρωτηθέντα
